%% Created using Papers on Mon, 01 Jun 2015.
%% http://papersapp.com/papers/

@article{Parniske:2008jx,
author = {Parniske, Martin},
title = {{Arbuscular mycorrhiza: the mother of plant root endosymbioses}},
journal = {Nature Reviews Microbiology},
year = {2008},
volume = {6},
number = {10},
pages = {763--775},
month = oct
}

@webpage{Anonymous:V2gcrUbX,
title = {{Project Ideas {\textemdash} Lab Notebook}},
year = {2014},
month = sep
}

@article{Lambert:2015bk,
author = {Lambert, Guillaume and Kussell, Edo},
title = {{Quantifying Selective Pressures Driving Bacterial Evolution Using Lineage Analysis}},
journal = {Physical Review X},
year = {2015},
volume = {5},
number = {1},
pages = {011016--10},
month = feb
}

@article{Campbell:2007ida,
author = {Campbell, C S and Mullins, R D},
title = {{In vivo visualization of type II plasmid segregation: bacterial actin filaments pushing plasmids}},
journal = {The Journal of Cell Biology},
year = {2007},
volume = {179},
number = {5},
pages = {1059--1066},
month = dec
}

@article{Zampini:2009et,
author = {Zampini, M and Derome, A and Bailey, S E S and Barilla, D and Hayes, F},
title = {{Recruitment of the ParG Segregation Protein to Different Affinity DNA Sites}},
journal = {Journal of Bacteriology},
year = {2009},
volume = {191},
number = {12},
pages = {3832--3841},
month = may
}

@article{Simonsen:1999hj,
author = {Simonsen, Anna Carina Wiborg and Rosendahl, Lis},
title = {{Origin of de novo synthesized protein s in the different compartments of Pea-\emph{Rhizobium} sp. symbiosomes}},
journal = {Molecular Plant-Microbe Interactions},
year = {1999},
volume = {12},
number = {4},
pages = {319--327},
month = apr
}

@article{Stark:2014ea,
author = {Stark, Lucy and Giersch, Tina and W{\"u}nschiers, R{\"o}bbe},
title = {{Efficiency of RNA extraction from selected bacteria in the context of biogas production and metatranscriptomics}},
journal = {Anaerobe},
year = {2014},
volume = {29},
number = {C},
pages = {85--90},
month = oct
}

@article{Anonymous:RuYZ90_u,
title = {{Visualizing the determinants of viral RNA recognition by innate immune sensor RIG-I}},
year = {2013},
pages = {1--12},
month = mar
}

@article{Kenniston:2003dp,
author = {Kenniston, Jon A and Baker, Tania A and Fernandez, Julio M and Sauer, Robert T},
title = {{Linkage between ATP Consumption and Mechanical Unfolding during the Protein Processing Reactions of an AAA+ Degradation Machine}},
journal = {Cell},
year = {2003},
volume = {114},
number = {4},
pages = {511--520},
month = aug
}

@article{Kuttler:2009wc,
author = {Kuttler, Christina},
title = {{Mathematical Models in Biology}},
year = {2009},
pages = {1--138},
month = feb
}

@article{Robledo:2015jc,
author = {Robledo, Marta and Frage, Benjamin and Wright, Patrick R and Becker, Anke},
title = {{A Stress-Induced Small RNA Modulates Alpha-Rhizobial Cell Cycle Progression}},
journal = {PLoS Genetics},
year = {2015},
volume = {11},
number = {4},
pages = {e1005153--32},
month = apr
}

@article{vanZon:2003el,
author = {van Zon, A and Mossink, M H and Scheper, R J and Sonneveld, P and Wiemer, E A C},
title = {{The vault complex}},
journal = {Cellular and Molecular Life Sciences (CMLS)},
year = {2003},
volume = {60},
number = {9},
pages = {1828--1837},
month = sep
}

@article{Anonymous:iiSZoZow,
title = {{The partition system of multidrug resistance plasmid TP228 includes a novel protein that epitomizes an evolutionarily distinct subgroup of the ParA superfamily}},
year = {2000},
pages = {1--14},
month = jul
}

@article{Dimitriu:2014cea,
author = {Dimitriu, T and Lotton, C and Benard-Capelle, J and Misevic, D and Brown, S P and Lindner, A B and Taddei, F},
title = {{Genetic information transfer promotes cooperation in bacteria}},
journal = {Proceedings of the National Academy of Sciences},
year = {2014},
volume = {111},
number = {30},
pages = {11103--11108},
month = jul
}

@article{Lee:2006hta,
author = {Lee, Brittany J and Cansizoglu, Ahmet E and S{\"u}el, Katherine E and Louis, Thomas H and Zhang, Zichao and Chook, Yuh Min},
title = {{Rules for Nuclear Localization Sequence Recognition by Karyopherin$\beta$2}},
journal = {Cell},
year = {2006},
volume = {126},
number = {3},
pages = {543--558},
month = aug
}

@article{Madsen:2012fdb,
author = {Madsen, Jonas Stenl{\o}kke and Burm{\o}lle, Mette and Hansen, Lars Hestbjerg and S{\o}rensen, S{\o}ren Johannes},
title = {{The interconnection between biofilm formation and horizontal gene transfer}},
journal = {FEMS Immunology {\&} Medical Microbiology},
year = {2012},
volume = {65},
number = {2},
pages = {183--195},
month = apr
}

@article{Ridge:1985wo,
author = {Ridge, Robert W and Rolfe, Barry G},
title = {{\emph{Rhizobium sp}. degradation of legume root hair cell wall at the site of infection thread origin}},
journal = {Applied and Environmental Microbiology},
year = {1985},
volume = {50},
number = {3},
pages = {717--720}
}

@article{Anonymous:57fua9Wc,
title = {{Evidence that vault ribonucleoprotein particles localize to the nuclear pore complex}},
year = {1999},
pages = {1--7},
month = feb
}

@article{McMaster:1996gqa,
author = {McMaster, T J and Miles, M J and Walsby, A E},
title = {{Direct observation of protein secondary structure in gas vesicles by atomic force microscopy}},
journal = {Biophysical Journal},
year = {1996},
volume = {70},
number = {5},
pages = {2432--2436},
month = may
}

@article{Akyuz:2013bi,
author = {Akyuz, Nurunisa and Altman, Roger B and Blanchard, Scott C and Boudker, Olga},
title = {{Transport dynamics in a glutamate transporter homologue}},
journal = {Nature},
year = {2013},
volume = {502},
number = {7469},
pages = {114--118},
month = sep
}

@article{Zakharova:2014gr,
author = {Zakharova, Kristina and Marzban, Gorji and de Vera, Jean-Pierre and Lorek, Andreas and Sterflinger, Katja},
title = {{Protein patterns of black fungi under simulated Mars-like conditions}},
journal = {Scientific Reports},
year = {2014},
volume = {4},
month = may
}

@article{Wiedenbeck:2011ena,
author = {Wiedenbeck, Jane and Cohan, Frederick M},
title = {{Origins of bacterial diversity through horizontal genetic transfer and adaptation to new ecological niches}},
journal = {FEMS Microbiology Reviews},
year = {2011},
volume = {35},
number = {5},
pages = {957--976},
month = jul
}

@article{Anonymous:gTzWjvlQ,
title = {{Structure of the vault, a ubiquitous cellular component}},
year = {1999},
pages = {1--9},
month = mar
}

@article{Vartoukian:2010cna,
author = {Vartoukian, Sonia R and Palmer, Richard M and Wade, William G},
title = {{Strategies for culture of {\textquoteleft}unculturable{\textquoteright} bacteria}},
journal = {FEMS Microbiology Letters},
year = {2010},
pages = {no--no},
month = apr
}

@article{Anonymous:92DWDcN0,
title = {{Evidence that vault ribonucleoprotein particles localize to the nuclear pore complex}},
year = {1999},
pages = {1--7},
month = feb
}

@article{Szostak:2011cla,
author = {Szostak, J W},
title = {{An optimal degree of physical and chemical heterogeneity for the origin of life?}},
journal = {Philosophical Transactions of the Royal Society B: Biological Sciences},
year = {2011},
volume = {366},
number = {1580},
pages = {2894--2901},
month = sep
}

@article{Anonymous:gFnGuya8,
title = {{Quantification and Classification}},
year = {2014},
pages = {1--36},
month = jan
}

@article{Chimileski:2014fv,
author = {Chimileski, Scott and Franklin, Michael J and Papke, R Thane},
title = {{Biofilms formed by the archaeon Haloferax volcanii exhibit cellular differentiation and social motility, and facilitate horizontal gene transfer}},
journal = {BMC Biology},
year = {2014},
volume = {12},
number = {1},
pages = {1--15},
month = sep
}

@article{Anonymous:lxItb_Yv,
title = {{Mini-P1 plasmid partitioning: excess ParB protein destabilizes plasmids containing the centromere parS.}},
year = {2007},
pages = {1--8},
month = mar
}

@article{Kickhoefer:2002hca,
author = {Kickhoefer, V A and Poderycki, M J and Chan, E K L and Rome, L H},
title = {{The La RNA-binding Protein Interacts with the Vault RNA and Is a Vault-associated Protein}},
journal = {Journal of Biological Chemistry},
year = {2002},
volume = {277},
number = {43},
pages = {41282--41286},
month = oct
}

@article{Anonymous:qs0KCDa0,
title = {{Bacterial evolution.}},
year = {2014},
pages = {1--52},
month = mar
}

@article{Li:2014ba,
author = {Li, Gene-Wei and Burkhardt, David and Gross, Carol and Weissman, Jonathan S},
title = {{Quantifying Absolute Protein Synthesis Rates Reveals Principles Underlying Allocation of Cellular Resources}},
journal = {Cell},
year = {2014},
volume = {157},
number = {3},
pages = {624--635},
month = apr
}

@article{Huddleston:2014dt,
author = {Huddleston, Jennifer R},
title = {{Horizontal gene transfer in the human gastrointestinal tract: potential spread of antibiotic resistance genes}},
journal = {Infection and Drug Resistance},
year = {2014},
pages = {167},
month = jun
}

@article{Beatson:2014fb,
author = {Beatson, S A and Walker, M J},
title = {{Tracking antibiotic resistance}},
journal = {Science},
year = {2014},
volume = {345},
number = {6203},
pages = {1454--1455},
month = sep
}

@article{Stracy:2014clb,
author = {Stracy, Mathew and Uphoff, Stephan and de Leon, Federico Garza and Kapanidis, Achillefs N},
title = {{In vivo single-molecule imaging of bacterial DNA replication, transcription, and repair}},
journal = {Febs Letters},
year = {2014},
pages = {1--10},
month = jun
}

@article{Molin:2003cq,
author = {Molin, S{\o}ren and Tolker-Nielsen, Tim},
title = {{Gene transfer occurs with enhanced efficiency in biofilms and induces enhanced stabilisation of the biofilm structure}},
journal = {Current Opinion in Biotechnology},
year = {2003},
volume = {14},
number = {3},
pages = {255--261},
month = jun
}

@article{Brewer:2013eb,
author = {Brewer, Ashley and Davis, Anthony P},
title = {{Chiral encoding may provide a simple solution to the origin of life}},
journal = {Nature Chemistry},
year = {2013},
volume = {6},
number = {7},
pages = {569--574},
month = jun
}

@article{Gourion:2015db,
author = {Gourion, Benjamin and Berrabah, Fathi and Ratet, Pascal and Stacey, Gary},
title = {{Rhizobium{\textendash}legume symbioses: the crucial role of plant immunity}},
journal = {Trends in Plant Science},
year = {2015},
volume = {20},
number = {3},
pages = {186--194},
month = mar
}

@article{Popa:2011jj,
author = {Popa, Ovidiu and Dagan, Tal},
title = {{Trends and barriers to lateral gene transfer in prokaryotes}},
journal = {Current Opinion in Microbiology},
year = {2011},
pages = {1--9},
month = aug
}

@article{Flood:2014ja,
author = {Flood, B E and Bailey, J V and Biddle, J F},
title = {{Horizontal gene transfer and the rock record: comparative genomics of phylogenetically distant bacteria that induce wrinkle structure formation in modern sediments}},
journal = {Geobiology},
year = {2014},
volume = {12},
number = {2},
pages = {119--132},
month = jan
}

@article{Kellinger:2012gga,
author = {Kellinger, Matthew W and Ulrich, S{\'e}bastien and Chong, Jenny and Kool, Eric T and Wang, Dong},
title = {{Dissecting Chemical Interactions Governing RNA Polymerase II Transcriptional Fidelity}},
journal = {Journal of the American Chemical Society},
year = {2012},
volume = {134},
number = {19},
pages = {8231--8240},
month = may
}

@article{Journet:2006ws,
author = {Journet, E P and de Carvalo-Niebel, F and Andriankaja, A and Huguet, T and Barker, D G},
title = {{Rhizobial incouclation and nodulation of \emph{Medicago truncatula}}},
journal = {Medicago truncatula handbook},
year = {2006},
volume = {November 2006},
pages = {1--6},
month = dec
}

@article{Schwartz:2015wk,
author = {Schwartz, Julie A and Curtis, Nicholas E and Pierce, Sidney K},
title = {{FISH Labeling Reveals a Horizontally Transferred Algal (}},
journal = {Biol. Bull.},
year = {2015},
pages = {1--13},
month = jan
}

@article{Steinmoen:2002wd,
author = {Steinmoen, Hilde and Knutsen, Elvind and H{\aa}varstein, Leiv Sigve},
title = {{Induction of natural competence in Streptococcuspneumoniae triggers lysis and DNA release from a subfraction of the cell population}},
year = {2002},
pages = {1--6},
month = may
}

@article{Keller:2011dm,
author = {Keller, Ray and Shook, David},
title = {{The bending of cell sheets - from folding to rolling}},
journal = {BMC Biology},
year = {2011},
volume = {9},
number = {1},
pages = {90}
}

@article{Lau:2013ef,
author = {Lau, A F and Drake, S K and Calhoun, L B and Henderson, C M and Zelazny, A M},
title = {{Development of a Clinically Comprehensive Database and a Simple Procedure for Identification of Molds from Solid Media by Matrix-Assisted Laser Desorption Ionization-Time of Flight Mass Spectrometry}},
journal = {Journal of Clinical Microbiology},
year = {2013},
volume = {51},
number = {3},
pages = {828--834},
month = feb
}

@article{Hirsch:2007tx,
author = {Hirsch, Morris W and Smale, Stephen and Devaney, Robert L},
title = {{Differential Equations, Dynamical Systems, and an Introduction to Chaos}},
year = {2007},
pages = {1--432},
month = apr
}

@article{Anonymous:vh4wuycM,
title = {{Mars-Like Soils in the AtacamaDesert, Chile, and the Dry Limitof Microbial Life}},
year = {2014},
pages = {1--5},
month = dec
}

@article{Anonymous:AbiKPZZm,
title = {{Plasmid incompatibility.}},
year = {2005},
pages = {1--16},
month = oct
}

@article{Rojas:2014iba,
author = {Rojas, E and Theriot, J A and Huang, K C},
title = {{Response of Escherichia coli growth rate to osmotic shock}},
journal = {Proceedings of the National Academy of Sciences},
year = {2014},
volume = {111},
number = {21},
pages = {7807--7812},
month = may
}

@article{Schumacher:2014ila,
author = {Schumacher, M A and Tonthat, N K and Kwong, S M and Chinnam, N b and Liu, M A and Skurray, R A and Firth, N},
title = {{Mechanism of staphylococcal multiresistance plasmid replication origin assembly by the RepA protein}},
journal = {Proceedings of the National Academy of Sciences},
year = {2014},
volume = {111},
number = {25},
pages = {9121--9126},
month = jun
}

@article{Koonin:2001vz,
author = {Koonin, Eugene V and Makarova, Kira S and Aravind, L},
title = {{Horizontal Gene Transfer in Prokaryotes: Quantification and Classification}},
journal = {Annual Review of Microbiology},
year = {2001},
pages = {709--742}
}

@article{Kasas:2013kqa,
author = {Kasas, S and Longo, G and Dietler, G},
title = {{Mechanical properties of biological specimens explored by atomic force microscopy}},
journal = {Journal of Physics D: Applied Physics},
year = {2013},
volume = {46},
number = {13},
pages = {133001},
month = feb
}

@article{Liu:2007dm,
author = {Liu, X and Yue, Y and Li, B and Nie, Y and Li, W and Wu, W H and Ma, L},
title = {{A G Protein-Coupled Receptor Is a Plasma Membrane Receptor for the Plant Hormone Abscisic Acid}},
journal = {Science},
year = {2007},
volume = {315},
number = {5819},
pages = {1712--1716},
month = mar
}

@article{Tria:2014fj,
author = {Tria, F and Loreto, V and Servedio, V D P and Strogatz, S H},
title = {{The dynamics of correlated novelties}},
journal = {Scientific Reports},
year = {2014},
volume = {4},
month = jul
}

@article{Rosen:2015cw,
author = {Rosen, Michael J and Davison, Michell and Bhaya, Devaki and Fisher, Daniel S},
title = {{Fine-scale diversity and extensive recombination in a quasisexual bacterial population occupying a broad niche}},
journal = {Science},
year = {2015},
volume = {348},
number = {6238},
pages = {1016--1019},
month = may
}

@article{Barsomian:1991uc,
author = {Barsomian, Gary D and Urzainqui, Ana and Lohman, Karin and Walker, Graham C},
title = {{\emph{Rhizobium meliloti }mutants unable to synthesize anthranilate display a novel symbiotic phenotype}},
journal = {Journal of Bacteriology},
year = {1991},
volume = {174},
number = {13},
pages = {4416--4426}
}

@article{Hussain:2005vu,
author = {Hussain, A K M Anwar and Jiang, Qunyi and Broughton, WilliamJ and Gresshoff, Peter M},
title = {{\emph{Lotus japonicus }nodulates and fixes nitrogen with the broad host range \emph{Rhizobium }sp. NGR234}},
journal = {Plant Cell Physiology},
year = {2005},
pages = {894--899},
month = aug
}

@article{Anonymous:3EMqSMwt,
title = {{Requirement for binding multiple ATPs to convert a GroEL ring to the folding-active state}},
year = {2008},
pages = {1--6},
month = dec
}

@article{McMaster:1996gq,
author = {McMaster, T J and Miles, M J and Walsby, A E},
title = {{Direct observation of protein secondary structure in gas vesicles by atomic force microscopy}},
journal = {Biophysical Journal},
year = {1996},
volume = {70},
number = {5},
pages = {2432--2436},
month = may
}

@article{Rogers:2014id,
author = {Rogers, C and Oldroyd, G E D},
title = {{Synthetic biology approaches to engineering the nitrogen symbiosis in cereals}},
journal = {Journal of Experimental Botany},
year = {2014},
volume = {65},
number = {8},
pages = {1939--1946},
month = apr
}

@article{Sustarsic:2014bja,
author = {Sustarsic, Marko and Plochowietz, Anne and Aigrain, Louise and Yuzenkova, Yulia and Zenkin, Nikolay and Kapanidis, Achillefs},
title = {{Optimized delivery of fluorescently labeled proteins in live bacteria using electroporation}},
journal = {Histochemistry and Cell Biology},
year = {2014},
volume = {142},
number = {1},
pages = {113--124},
month = apr
}

@article{Mell:2014dj,
author = {Mell, J C and Redfield, R J},
title = {{Natural Competence and the Evolution of DNA Uptake Specificity}},
journal = {Journal of Bacteriology},
year = {2014},
volume = {196},
number = {8},
pages = {1471--1483},
month = mar
}

@article{Langille:2009de,
author = {Langille, Morgan GI and Brinkman, Fiona SL},
title = {{Bioinformatic detection of horizontally transferred DNA in bacterial genomes}},
journal = {Biology Reports},
year = {2009},
pages = {1--4},
month = mar
}

@article{Wu:2011hv,
author = {Wu, M and Zampini, M and Bussiek, M and Hoischen, C and Diekmann, S and Hayes, F},
title = {{Segrosome assembly at the pliable parH centromere}},
journal = {Nucleic Acids Research},
year = {2011},
volume = {39},
number = {12},
pages = {5082--5097},
month = jul
}

@article{Fraser:2007epa,
author = {Fraser, C and Hanage, W P and Spratt, B G},
title = {{Recombination and the Nature of Bacterial Speciation}},
journal = {Science},
year = {2007},
volume = {315},
number = {5811},
pages = {476--480},
month = jan
}

@article{LoScrudato:2012hh,
author = {Lo Scrudato, Mirella and Blokesch, Melanie},
title = {{The Regulatory Network of Natural Competence and Transformation of Vibrio cholerae}},
journal = {PLoS Genetics},
year = {2012},
volume = {8},
number = {6},
pages = {e1002778},
month = jun
}

@article{Huau:1998wn,
author = {Huau, Alfred},
title = {{Statistical Mechanics}},
year = {1998},
pages = {1--77},
month = jul
}

@article{Anonymous:GX_TIEYn,
title = {{Determination of dissolved deoxyribonucleic acid concentration in lake water}},
year = {2006},
pages = {1--10},
month = dec
}

@article{Biswas:1992tt,
author = {Biswas, Indranil and Vagner, Val{\'e}rie and Ehrlich, S Dusko},
title = {{Efficiency of homologous intermolecular recombination at different locations on the \emph{Bacillus subtilis} chromosome}},
journal = {Journal of Bacteriology},
year = {1992},
pages = {5593--5596}
}

@article{Anonymous:ztQbEw55,
title = {{Isolation and Characterization of aNovel Ribonucleoprotein Particle:Large Structures Contain a Single Species of Small RNA}},
year = {2014},
pages = {1--11},
month = jul
}

@article{Iizuka:2011ia,
author = {Iizuka, Ryo and Yamagishi-Shirasaki, Mai and Funatsu, Takashi},
title = {{Kinetic study of de novo chromophore maturation of fluorescent proteins}},
journal = {Analytical Biochemistry},
year = {2011},
volume = {414},
number = {2},
pages = {173--178},
month = jul
}

@article{Venturini:2013hoa,
author = {Venturini, Carola and Hassan, Karl A and Roy Chowdhury, Piklu and Paulsen, Ian T and Walker, Mark J and Djordjevic, Steven P},
title = {{Sequences of Two Related Multiple Antibiotic Resistance Virulence Plasmids Sharing a Unique IS26-Related Molecular Signature Isolated from Different Escherichia coli Pathotypes from Different Hosts}},
journal = {PLoS One},
year = {2013},
volume = {8},
number = {11},
pages = {e78862},
month = nov
}

@article{David:2010dy,
author = {David, Lawrence A and Alm, Eric J},
title = {{Rapid evolutionary innovation during an Archaean genetic expansion}},
journal = {Nature},
year = {2010},
volume = {469},
number = {7328},
pages = {93--96},
month = dec
}

@article{Alcorn:2015ba,
author = {Alcorn, J F and Kolls, J K},
title = {{Killer fat}},
journal = {Science},
year = {2015},
volume = {347},
number = {6217},
pages = {26--27},
month = jan
}

@article{Huddleston:2014dta,
author = {Huddleston, Jennifer R},
title = {{Horizontal gene transfer in the human gastrointestinal tract: potential spread of antibiotic resistance genes}},
journal = {Infection and Drug Resistance},
year = {2014},
pages = {167},
month = jun
}

@article{Hahn:2004tx,
author = {Hahn, Brian D and Malan, Katherine M},
title = {{Essential Java for Scientists and Engineers}},
year = {2004},
pages = {1--347},
month = mar
}

@article{Deem:2013kxa,
author = {Deem, Michael W},
title = {{Statistical Mechanics of Modularity and Horizontal Gene Transfer}},
journal = {Annual Review of Condensed Matter Physics},
year = {2013},
volume = {4},
number = {1},
pages = {287--311},
month = apr
}

@article{Burmolle:2014dy,
author = {Burm{\o}lle, Mette and Ren, Dawei and Bjarnsholt, Thomas and S{\o}rensen, S{\o}ren J},
title = {{Interactions in multispecies biofilms: do they actually matter?}},
journal = {Trends in Microbiology},
year = {2014},
volume = {22},
number = {2},
pages = {84--91},
month = feb
}

@article{NelsonSathi:2014fn,
author = {Nelson-Sathi, Shijulal and Sousa, Filipa L and Roettger, Mayo and Lozada-Ch{\'a}vez, Nabor and Thiergart, Thorsten and Janssen, Arnold and Bryant, David and Landan, Giddy and Sch{\"o}nheit, Peter and Siebers, Bettina and McInerney, James O and Martin, William F},
title = {{Origins of major archaeal clades correspond to gene acquisitions from bacteria}},
year = {2014},
pages = {1--15},
month = dec
}

@article{Koslowski:2005ku,
author = {Koslowski, Thorsten and Zehender, Fabian},
title = {{Towards a quantitative understanding of horizontal gene transfer: A kinetic model}},
journal = {Journal of Theoretical Biology},
year = {2005},
volume = {237},
number = {1},
pages = {23--29},
month = nov
}

@article{Sen:2013eza,
author = {Sen, Maya and Maillard, Rodrigo A and Nyquist, Kristofor and Rodriguez-Aliaga, Piere and Press{\'e}, Steve and Martin, Andreas and Bustamante, Carlos},
title = {{The ClpXP Protease Unfolds Substrates Using a Constant Rate of Pulling but Different Gears}},
journal = {Cell},
year = {2013},
volume = {155},
number = {3},
pages = {636--646},
month = oct
}

@article{Venturini:2013ho,
author = {Venturini, Carola and Hassan, Karl A and Roy Chowdhury, Piklu and Paulsen, Ian T and Walker, Mark J and Djordjevic, Steven P},
title = {{Sequences of Two Related Multiple Antibiotic Resistance Virulence Plasmids Sharing a Unique IS26-Related Molecular Signature Isolated from Different Escherichia coli Pathotypes from Different Hosts}},
journal = {PLoS One},
year = {2013},
volume = {8},
number = {11},
pages = {e78862},
month = nov
}

@article{Shaw:2013tl,
author = {Shaw, Zed},
title = {{Learn Python the Hard Way: }},
year = {2013},
pages = {1--306},
month = sep
}

@article{Anonymous:vRmFWxcz,
title = {{Gene Regulation at theSingle-Cell Level}},
year = {2014},
pages = {1--5},
month = may
}

@article{Juhas:2009bg,
author = {Juhas, Mario and Van Der Meer, Jan Roelof and Gaillard, Muriel and Harding, Rosalind M and Hood, Derek W and Crook, Derrick W},
title = {{Genomic islands: tools of bacterial horizontal gene transfer and evolution}},
journal = {FEMS Microbiology Reviews},
year = {2009},
volume = {33},
number = {2},
pages = {376--393},
month = jan
}

@article{vonWinckel:2012vc,
author = {von Winckel, Greg},
title = {{Numerical Methods for Differential Equations}},
year = {2012},
pages = {1--211},
month = jan
}

@article{Youngren:2000hg,
author = {Youngren, B and Radnedge, L and Hu, P and Garcia, E and Austin, S},
title = {{A Plasmid Partition System of the P1-P7par Family from the pMT1 Virulence Plasmid of Yersinia pestis}},
journal = {Journal of Bacteriology},
year = {2000},
volume = {182},
number = {14},
pages = {3924--3928},
month = jul
}

@article{Anonymous:n2k8YzC1,
title = {{Conrad et al._1999_Mathematical Models of Biochemical Oscillations}},
year = {1999},
pages = {1--40},
month = may
}

@article{Ogura:1999wb,
author = {Ogura, Mitsuo and Liu, Li and LaCaelle, Michael and Nakano, Michiko M and Zuber, Peter},
title = {{Mutational analysis of ComS: evidence for the interaction of ComS and MecA in the regulation of competence development in \emph{Bacillus subtilis}}},
journal = {Molecular Microbiology},
year = {1999},
volume = {32},
number = {4},
pages = {799--812},
month = apr
}

@article{Vercruysse:2010ji,
author = {Vercruysse, Maarten and Fauvart, Maarten and Cloots, Lore and Engelen, Kristof and Thijs, Inge M and Marchal, Kathleen and Michiels, Jan},
title = {{Genome-wide detection of predicted non-coding RNAs in Rhizobium etli expressed during free-living and host-associated growth using a high-resolution tiling array}},
journal = {BMC Genomics},
year = {2010},
volume = {11},
number = {1},
pages = {53--12}
}

@article{Domingues:2012jka,
author = {Domingues, Sara and Harms, Klaus and Fricke, W Florian and Johnsen, P{\aa}l J and da Silva, Gabriela J and Nielsen, Kaare Magne},
title = {{Natural Transformation Facilitates Transfer of Transposons, Integrons and Gene Cassettes between Bacterial Species}},
journal = {PLoS Pathogens},
year = {2012},
volume = {8},
number = {8},
pages = {e1002837},
month = aug
}

@article{Anonymous:2010fba,
title = {{Evolution Is a Quantitative Science}},
year = {2010},
pages = {1--2},
month = may
}

@article{Pende:1dda,
author = {Pende, Nika and Leisch, Nikolaus and Gruber-Vodicka, Harald R and Heindl, Niels R and Ott, J ouml rg and den Blaauwen, Tanneke and Bulgheresi, Silvia},
title = {{Size-independent symmetric division in extraordinarily long cells}},
journal = {Nature Communications},
year = {1},
volume = {5},
pages = {1--10}
}

@article{Llauro:2014ig,
author = {Llaur{\'o}, Aida and Guerra, Pablo and Irigoyen, Nerea and Rodr{\'\i}guez, Jos{\'e} F and Verdaguer, N{\'u}ria and de Pablo, Pedro J},
title = {{Mechanical Stability and Reversible Fracture of Vault Particles}},
journal = {Biophysical Journal},
year = {2014},
volume = {106},
number = {3},
pages = {687--695},
month = feb
}

@article{Yang:2012cta,
author = {Yang, S and Sleight, S C and Sauro, H M},
title = {{Rationally designed bidirectional promoter improves the evolutionary stability of synthetic genetic circuits}},
journal = {Nucleic Acids Research},
year = {2012},
volume = {41},
number = {1},
pages = {e33--e33},
month = dec
}

@article{Deem:2013kx,
author = {Deem, Michael W},
title = {{Statistical Mechanics of Modularity and Horizontal Gene Transfer}},
journal = {Annual Review of Condensed Matter Physics},
year = {2013},
volume = {4},
number = {1},
pages = {287--311},
month = apr
}

@article{lindell:2004vg,
author = {Lindell, Debbie and Sullivan, Matthew B and Johnson, Zackary I and Tolonen, Andrew C and Rohwer, Forest and Chisholm, Sallie W},
title = {{Transfer of photosynthesis genes to and from Prochlorococcus viruses}},
journal = {Proceedings of the National Academy of Sciences},
year = {2004},
pages = {1--6},
month = jul
}

@article{MonahanGiovanelli:2006ki,
author = {Monahan-Giovanelli, H and Pinedo, Catalina Arango and Gage, Daniel J},
title = {{Architecture of infection thread networks in developing root nodules induced by the symbiotic bacterium \emph{Sinorhizobium meliloti} on \emph{Medicago trunculata}}},
journal = {Plant Physiology},
year = {2006},
volume = {140},
number = {2},
pages = {661--670},
month = jan
}

@article{Chen:2014bf,
author = {Chen, B C and Legant, W R and Wang, K and Shao, L and Milkie, D E and Davidson, M W and Janetopoulos, C and Wu, X S and Hammer, J A and Liu, Z and English, B P and Mimori-Kiyosue, Y and Romero, D P and Ritter, A T and Lippincott-Schwartz, J and Fritz-Laylin, L and Mullins, R D and Mitchell, D M and Bembenek, J N and Reymann, A C and Bohme, R and Grill, S W and Wang, J T and Seydoux, G and Tulu, U S and Kiehart, D P and Betzig, E},
title = {{Lattice light-sheet microscopy: Imaging molecules to embryos at high spatiotemporal resolution}},
journal = {Science},
year = {2014},
volume = {346},
number = {6208},
pages = {1257998--1257998},
month = oct
}

@article{DellAnno:2002uw,
author = {DellAnno, Antonio and Bompadre, Stefano and Danovaro, Roerto},
title = {{Quantification, base composition, and fate of extracellular DNA in marine sediments}},
journal = {Limnology and Oceanography},
year = {2002},
pages = {1--7},
month = apr
}

@article{Hussain:2014cy,
author = {Hussain, Tanweer and Ll{\'a}cer, Jose L and Fern{\'a}ndez, Israel S and Munoz, Antonio and Martin-Marcos, Pilar and Savva, Christos G and Lorsch, Jon R and Hinnebusch, Alan G and Ramakrishnan, V},
title = {{Structural Changes Enable Start Codon Recognition by the Eukaryotic Translation Initiation Complex}},
journal = {Cell},
year = {2014},
volume = {159},
number = {3},
pages = {597--607},
month = oct
}

@article{MollerJensen:2007kea,
author = {M{\o}ller-Jensen, Jakob and Ringgaard, Simon and Mercogliano, Christopher P and Gerdes, Kenn and L{\"o}we, Jan},
title = {{Structural analysis of the ParR/parC plasmid partition complex}},
journal = {The EMBO Journal},
year = {2007},
volume = {26},
number = {20},
pages = {4413--4422},
month = sep
}

@article{Pinto:2012bna,
author = {Pinto, Uelinton M and Pappas, Katherine M and Winans, Stephen C},
title = {{The ABCs of plasmid replication and segregation}},
journal = {Nature Reviews Microbiology},
year = {2012},
volume = {10},
number = {11},
pages = {755--765},
month = oct
}

@article{Anonymous:SfSIE6hj,
title = {{Multicopy plasmids are clustered and localized in Escherichia coli}},
year = {2001},
pages = {1--6},
month = mar
}

@article{Jiang:2013dqa,
author = {Jiang, Wenyan and Cox, David and Zhang, Feng and Bikard, David and Marraffini, Luciano A},
title = {{RNA-guided editing of bacterial genomes using CRISPR-Cas systems}},
journal = {Nature Publishing Group},
year = {2013},
volume = {31},
number = {3},
pages = {233--239},
month = mar
}

@article{Yang:2012ct,
author = {Yang, S and Sleight, S C and Sauro, H M},
title = {{Rationally designed bidirectional promoter improves the evolutionary stability of synthetic genetic circuits}},
journal = {Nucleic Acids Research},
year = {2012},
volume = {41},
number = {1},
pages = {e33--e33},
month = dec
}

@article{Rabl:2008gd,
author = {Rabl, Julius and Smith, David M and Yu, Yadong and Chang, Shih-Chung and Goldberg, Alfred L and Cheng, Yifan},
title = {{Mechanism of Gate Opening in the 20S Proteasome by the Proteasomal ATPases}},
journal = {Molecular Cell},
year = {2008},
volume = {30},
number = {3},
pages = {360--368},
month = may
}

@article{Albayrak:2010dsa,
author = {Albayrak, Aydin and Otu, Hasan H and Sezerman, Ugur O},
title = {{Clustering of protein families into functional subtypes using Relative Complexity Measure with reduced amino acid alphabets}},
journal = {BMC Bioinformatics},
year = {2010},
volume = {11},
number = {1},
pages = {428}
}

@article{Avery:2014wx,
author = {Avery, Oswald T and Macleod, Colin M and McCarty, Maclyn},
title = {{Studies On the Chemical Nature Of the Substance Inducing Transformation of Pneumococcal Types}},
journal = {Journal of Experimental Medicine},
year = {1943},
pages = {1--23},
month = jan
}

@article{Dill:2013vs,
author = {Dill, Ken},
title = {{Molecular Driving Forces}},
year = {2013},
pages = {1--661},
month = mar
}

@article{VandeVelde:2010cn,
author = {Van de Velde, Willem and Zehirov, Grigo and Szatmari, Agnes and Debreczeny, Monika and Ishihara, Hironobu and Kevei, Zoltan and Farkas, Atilla and Mikulass, Kata and Nagy, Andrea and Tiricz, Hilda and Satiat-Jeunemaitre, Beatric and Alunni, Benoit and Bourge, Mickael and Kucho, Ken-ichi and Abe, Mikiko and Kereszt, Atilla and Maroti, gergely and Uchiumi, Toshiki and Kondorosi, Eva and Mergaert, Peter},
title = {{Plant Peptides Govern Terminal Differentiation of Bacteria in Symbiosis}},
journal = {Science},
year = {2010},
volume = {327},
pages = {1122--1266},
month = feb
}

@article{Zhaxybayeva:2011bp,
author = {Zhaxybayeva, Olga and Doolittle, W Ford},
title = {{Lateral gene transfer}},
journal = {Current Biology},
year = {2011},
volume = {21},
number = {7},
pages = {R242--R246},
month = apr
}

@article{Levsky:2003bz,
author = {Levsky, J M},
title = {{Fluorescence in situ hybridization: past, present and future}},
journal = {Journal of Cell Science},
year = {2003},
volume = {116},
number = {14},
pages = {2833--2838},
month = jul
}

@article{Lambert:2014gc,
author = {Lambert, Guillaume and Kussell, Edo},
title = {{Memory and Fitness Optimization of Bacteria under Fluctuating Environments}},
journal = {PLoS Genetics},
year = {2014},
volume = {10},
number = {9},
pages = {e1004556--10},
month = sep
}

@article{Hausner:1999ua,
author = {Hausner, Martina and Wuertz, Stefan},
title = {{High rates of conjugation in bacterial biofilms as determined by quantitative\emph{ in situ} analysis}},
journal = {Applied and Environmental Microbiology},
year = {1999},
pages = {3710--3713},
month = jul
}

@article{Beckwith:2013dsc,
author = {Beckwith, Robyn and Estrin, Eric and Worden, Evan J and Martin, Andreas},
title = {{Reconstitution of the 26S proteasome reveals functional asymmetries in its AAA+ unfoldase}},
journal = {Nature Publishing Group},
year = {2013},
volume = {20},
number = {10},
pages = {1164--1172},
month = sep
}

@article{Anonymous:z1bHcUYs,
title = {{REQUIREMENTS FOR TRANSFORMATION IN}},
year = {2005},
pages = {1--7},
month = may
}

@article{Beijerinck:1901wz,
author = {Beijerinck, Martinus},
title = {{{\"U}ber oligonitrophile mikroben, centralblatt fur bakteriologie, parasitenkunde, infektionskrankheiten und hygiene}},
journal = {Abteilung II},
year = {1901},
volume = {7},
number = {561-82}
}

@article{Slesina:2005fj,
author = {Slesina, Marco and Inman, Elisabeth M and Rome, Leonard H and Volknandt, Walter},
title = {{Nuclear localization of the major vault protein in U373 cells}},
journal = {Cell and Tissue Research},
year = {2005},
volume = {321},
number = {1},
pages = {97--104},
month = may
}

@article{Aerts:2014gl,
author = {Aerts, Joost and R{\"o}ling, Wilfred and Elsaesser, Andreas and Ehrenfreund, Pascale},
title = {{Biota and Biomolecules in Extreme Environments on Earth: Implications for Life Detection on Mars}},
journal = {Life},
year = {2014},
volume = {4},
number = {4},
pages = {535--565},
month = dec
}

@article{Finkel:2001ge,
author = {Finkel, S E and Kolter, R},
title = {{DNA as a nutrient: novel role for bacterial competence gene homologs.}},
journal = {Journal of Bacteriology},
year = {2001},
volume = {183},
number = {21},
pages = {6288--6293},
month = nov
}

@article{Jenkins:2002ty,
author = {Jenkins, Cheryl and Samudrala, Ram and ANderson, Lain and Hedlund, Brian P and Petroni, Guilo and Michailova, Natasha and Pinel, Nicolas and Overbeek, Ross and Rosati, Giovanna and Staley, James T},
title = {{Genes for the cytoskeletal protein tubulin in the bacterial genus \emph{Prosthecobacter}}},
journal = {Proceedings of the National Academy of Sciences},
year = {2002},
volume = {99},
number = {26},
pages = {17049--17054},
month = dec
}

@article{Mojica:2005hk,
author = {Mojica, Francisco J M and D ez-Villase or, Chc sar and Garc a-Mart nez, Jes s and Soria, Elena},
title = {{Intervening Sequences of Regularly Spaced Prokaryotic Repeats Derive from Foreign Genetic Elements}},
journal = {Journal of Molecular Evolution},
year = {2005},
volume = {60},
number = {2},
pages = {174--182},
month = feb
}

@article{Lang:2015wt,
author = {Lang, Claus and Long, Sharon R},
title = {{Transcriptomic analysis of \emph{Sinorhizobium meliloti} and \emph{Medicago truncatula} symbiosis using nitrogen fixationg deficient nodules}},
journal = {Molecular Plant-Microbe Interactions},
year = {2015}
}

@article{Reyes:2013dy,
author = {Reyes, Nicolas and Oh, SeCheol and Boudker, Olga},
title = {{Binding thermodynamics of a glutamate transporter homolog}},
journal = {Nature Publishing Group},
year = {2013},
volume = {20},
number = {5},
pages = {634--640},
month = apr
}

@article{Anonymous:rc40HwFx,
title = {{arXiv:1012.2166v1 [q-bio.PE] 10 Dec 2010}},
year = {2010},
pages = {1--18},
month = dec
}

@article{Stewart:2012dd,
author = {Stewart, E J},
title = {{Growing Unculturable Bacteria}},
journal = {Journal of Bacteriology},
year = {2012},
volume = {194},
number = {16},
pages = {4151--4160},
month = jul
}

@article{Grierson:2002jf,
author = {Grierson, Claire and Schiefelbein, John},
title = {{Root Hairs}},
journal = {The Arabidopsis Book},
year = {2002},
volume = {1},
pages = {e0060--22},
month = jan
}

@article{Mosberg:2010bf,
author = {Mosberg, J A and Lajoie, M J and Church, G M},
title = {{Lambda Red Recombineering in Escherichia coli Occurs Through a Fully Single-Stranded Intermediate}},
journal = {Genetics},
year = {2010},
volume = {186},
number = {3},
pages = {791--799},
month = nov
}

@article{RodriguezValera:2009cr,
author = {Rodriguez-Valera, Francisco and Martin-Cuadrado, Ana-Belen and Rodriguez-Brito, Beltran and Pa{\v s}i{\'c}, Lejla and Thingstad, T Frede and Rohwer, Forest and Mira, Alex},
title = {{Explaining microbial population genomics through phage predation}},
journal = {Nature Publishing Group},
year = {2009},
volume = {7},
number = {11},
pages = {828--836},
month = nov
}

@article{Ng:2008cm,
author = {Ng, Benny C and Yu, Marcella and Gopal, Ajaykumar and Rome, Leonard H and Monbouquette, Harold G and Tolbert, Sarah H},
title = {{Encapsulation of Semiconducting Polymers in Vault Protein Cages}},
journal = {Nano Letters},
year = {2008},
volume = {8},
number = {10},
pages = {3503--3509},
month = oct
}

@book{Gogarten:2009eqa,
editor = {Gogarten, Maria Boekels and Gogarten, Johann Peter and Olendzenski, Lorraine C},
title = {{Horizontal Gene Transfer}},
publisher = {Humana Press},
year = {2009},
volume = {532},
series = {Methods in Molecular Biology},
address = {Totowa, NJ}
}

@article{Borgeaud:2015fx,
author = {Borgeaud, S and Metzger, L C and Scrignari, T and Blokesch, M},
title = {{The type VI secretion system of Vibrio cholerae fosters horizontal gene transfer}},
journal = {Science},
year = {2015},
volume = {347},
number = {6217},
pages = {63--67},
month = jan
}

@article{Molin:2003cqa,
author = {Molin, S{\o}ren and Tolker-Nielsen, Tim},
title = {{Gene transfer occurs with enhanced efficiency in biofilms and induces enhanced stabilisation of the biofilm structure}},
journal = {Current Opinion in Biotechnology},
year = {2003},
volume = {14},
number = {3},
pages = {255--261},
month = jun
}

@article{Yamaichi:2000vb,
author = {Yamaichi, Yoshiharu and Niki, Hironori},
title = {{Active segregation by the\emph{ Bacillus subtilis} partitioning system in \emph{Escherichia coli}}},
journal = {Proceedings of the National Academy of Sciences},
year = {2000},
pages = {1--6},
month = dec
}

@article{Wegner:2015fx,
author = {Wegner, Lars H and Frey, Wolfgang and Silve, Aude},
title = {{Electroporation of DC-3F Cells Is a Dual Process}},
journal = {Biophysical Journal},
year = {2015},
volume = {108},
number = {7},
pages = {1660--1671},
month = apr
}

@article{Vercruysse:2011td,
author = {Vercruysse, Maarten and Fauvart, Maarten and Beullens, Serge and Braeken, Kristien and Cloots, Lore and Engelen, Kirstof and Marchal, Kathleen and Michiels, Jan},
title = {{A comparative transcriptome analysis of \emph{Rhizobium etli }bacteroids: specific gene expression during symbiotic nongrowth}},
journal = {Molecular Plant-Microbe Interactions},
year = {2011},
pages = {1553--1561},
month = oct
}

@article{Knoll:2014gq,
author = {Knoll, B M and Mylonakis, E},
title = {{Antibacterial Bioagents Based on Principles of Bacteriophage Biology: An Overview}},
journal = {Clinical Infectious Diseases},
year = {2014},
volume = {58},
number = {4},
pages = {528--534},
month = jan
}

@unpublished{BrewsterDilution,
author = {Brewster, Robert C and Weinert, Franz M},
title = {{Personal Communication}}
}

@article{Anonymous:2013jna,
title = {{Localizing transcripts to single cells suggests animportant role of uncultured deltaproteobacteriain the termite gut hydrogen economy}},
year = {2013},
pages = {1--55},
month = sep
}

@article{Brodsky:2012jda,
author = {Brodsky, Frances M and Thattai, Mukund and Mayor, Satyajit},
title = {{Evolutionary cell biology: Lessons from diversity}},
journal = {Nature Cell Biology},
year = {2012},
volume = {14},
number = {7},
pages = {651--651},
month = jul
}

@article{Kereszt:2011wq,
author = {Kereszt, Atilla and Mergaert, Peter and Kondorosi, Eva},
title = {{Bacteroid development in legume nodules: evolution  of mutual benefit or of sacrificial victims?}},
journal = {Molecular Plant-Microbe Interactions},
year = {2011},
volume = {24},
number = {11},
pages = {1300--1309}
}

@article{Savage:2013dwa,
author = {Savage, V J and Chopra, I and O'Neill, A J},
title = {{Staphylococcus aureus Biofilms Promote Horizontal Transfer of Antibiotic Resistance}},
journal = {Antimicrobial Agents and Chemotherapy},
year = {2013},
volume = {57},
number = {4},
pages = {1968--1970},
month = mar
}

@article{Anonymous:2014fj,
title = {{Horizontal Gene Transfer Can Rescue Prokaryotes from Muller{\textquoteright}s Ratchet: Benefit of DNA from Dead Cells and Population Subdivision}},
year = {2014},
pages = {1--15},
month = feb
}

@article{Kalkbrenner:2009ka,
author = {Kalkbrenner, Thomas and Arnold, Axel and Tans, Sander J},
title = {{Internal Dynamics of Supercoiled DNA Molecules}},
journal = {Biophysical Journal},
year = {2009},
volume = {96},
number = {12},
pages = {4951--4955},
month = jun
}

@article{Anonymous:idNA1M9l,
title = {{arXiv:cond-mat/9612161v2 [cond-mat.soft] 3 Apr 1997}},
year = {2008},
pages = {1--10},
month = jan
}

@article{Coelho:2013di,
author = {Coelho, Miguel and Dereli, Ayg{\"u}l and Haese, Anett and K{\"u}hn, Sebastian and Malinovska, Liliana and DeSantis, Morgan E and Shorter, James and Alberti, Simon and Gross, Thilo and Toli{\'c}-N{\o}rrelykke, Iva M},
title = {{Fission Yeast Does Not Age under Favorable Conditions, but Does So after Stress}},
journal = {Current Biology},
year = {2013},
volume = {23},
number = {19},
pages = {1844--1852},
month = oct
}

@article{Whitehead:1997wu,
author = {Whitehead, Lynne F and Day, David A},
title = {{The peribacteroid membrane}},
journal = {Physiologia Plantarum},
year = {1997},
pages = {30--44}
}

@article{Maimon:2012ed,
author = {Maimon, Tal and Elad, Nadav and Dahan, Idit and Medalia, Ohad},
title = {{The Human Nuclear Pore Complex as Revealed by Cryo-Electron Tomography}},
journal = {Structure/Folding and Design},
year = {2012},
volume = {20},
number = {6},
pages = {998--1006},
month = jun
}

@article{Flood:2014jaa,
author = {Flood, B E and Bailey, J V and Biddle, J F},
title = {{Horizontal gene transfer and the rock record: comparative genomics of phylogenetically distant bacteria that induce wrinkle structure formation in modern sediments}},
journal = {Geobiology},
year = {2014},
volume = {12},
number = {2},
pages = {119--132},
month = jan
}

@article{Crick:1968wg,
author = {Crick, Francis H},
title = {{The Origin of the Genetic Code}},
journal = {Journal of Molecular Biology},
year = {1968},
pages = {367--379},
month = aug
}

@article{Griffith:1928vg,
author = {Griffith, Frederick},
title = {{The Significance of Pneumococcal Types}},
journal = {Journal of Hygeine},
year = {1928},
pages = {1--47},
month = jan
}

@article{Conlan:2014gva,
author = {Conlan, S and Thomas, P J and Deming, C and Park, M and Lau, A F and Dekker, J P and Snitkin, E S and Clark, T A and Luong, K and Song, Y and Tsai, Y C and Boitano, M and Dayal, J and Brooks, S Y and Schmidt, B and Young, A C and Thomas, J W and Bouffard, G G and Blakesley, R W and {NISC Comparative Sequencing Program} and Mullikin, J C and Korlach, J and Henderson, D K and Frank, K M and Palmore, T N and Segre, J A},
title = {{Single-molecule sequencing to track plasmid diversity of hospital-associated carbapenemase-producing Enterobacteriaceae}},
journal = {Science Translational Medicine},
year = {2014},
volume = {6},
number = {254},
pages = {254ra126--254ra126},
month = sep
}

@article{Geurts:2005jx,
author = {Geurts, Ren{\'e} and Fedorova, Elena and Bisseling, Ton},
title = {{Nod factor signaling genes and their function in the early stages of Rhizobium infection}},
journal = {Current Opinion in Plant Biology},
year = {2005},
volume = {8},
number = {4},
pages = {346--352},
month = aug
}

@article{Demaneche:2001kb,
author = {Demaneche, S and Bertolla, F and Buret, F and Nalin, R and Sailland, A and Auriol, P and Vogel, T M and Simonet, P},
title = {{Laboratory-scale evidence for lightning-mediated gene transfer in soil.}},
journal = {Applied and Environmental Microbiology},
year = {2001},
volume = {67},
number = {8},
pages = {3440--3444},
month = aug
}

@article{Claverys:2006do,
author = {Claverys, Jean-Pierre and Prudhomme, Marc and Martin, Bernard},
title = {{Induction of Competence Regulons as a General Response to Stress in Gram-Positive Bacteria}},
journal = {Annual Review of Microbiology},
year = {2006},
volume = {60},
number = {1},
pages = {451--475},
month = oct
}

@article{Weitz:2014dv,
author = {Weitz, S H and Gong, M and Barr, I and Weiss, S and Guo, F},
title = {{Processing of microRNA primary transcripts requires heme in mammalian cells}},
journal = {Proceedings of the National Academy of Sciences},
year = {2014},
volume = {111},
number = {5},
pages = {1861--1866},
month = feb
}

@article{Poderycki:2006eob,
author = {Poderycki, Michael J and Kickhoefer, Valerie A and Kaddis, Catherine S and Raval-Fernandes, Sujna and Johansson, Erik and Zink, Jeffrey I and Loo, Joseph A and Rome, Leonard H},
title = {{The Vault Exterior Shell Is a Dynamic Structure that Allows Incorporation of Vault-Associated Proteins into Its Interior {\dag}}},
journal = {Biochemistry},
year = {2006},
volume = {45},
number = {39},
pages = {12184--12193},
month = oct
}

@article{Esseling:2004ja,
author = {Esseling, J J and Lhuissier, Franck G P and Emons, Anne Mie C},
title = {{A nonsymbiotic root hair tip growth phenotype in NORK-mutated legumes: implications for nodulation factor-induced signaling and formation of a multifaceted root hair pocket for bacteria}},
journal = {The Plant Cell},
year = {2004},
volume = {16},
number = {4},
pages = {933--944},
month = mar
}

@article{Madsen:2012fdc,
author = {Madsen, Jonas Stenl{\o}kke and Burm{\o}lle, Mette and Hansen, Lars Hestbjerg and S{\o}rensen, S{\o}ren Johannes},
title = {{The interconnection between biofilm formation and horizontal gene transfer}},
journal = {FEMS Immunology {\&} Medical Microbiology},
year = {2012},
volume = {65},
number = {2},
pages = {183--195},
month = apr
}

@article{Stracy:2014cla,
author = {Stracy, Mathew and Uphoff, Stephan and de Leon, Federico Garza and Kapanidis, Achillefs N},
title = {{In vivo single-molecule imaging of bacterial DNA replication, transcription, and repair}},
journal = {Febs Letters},
year = {2014},
volume = {588},
number = {19},
pages = {3585--3594},
month = oct
}

@article{Anonymous:f9FVZBpp,
title = {{Griffith, Lecture_1972_Pneumococcal Transformation - A Backward View}},
year = {2008},
pages = {1--11},
month = jul
}

@article{Sawitzke:2011gua,
author = {Sawitzke, James A and Costantino, Nina and Li, Xin-tian and Thomason, Lynn C and Bubunenko, Mikhail and Court, Carolyn and Court, Donald L},
title = {{Probing Cellular Processes with Oligo-Mediated Recombination and Using the Knowledge Gained to Optimize Recombineering}},
journal = {Journal of Molecular Biology},
year = {2011},
volume = {407},
number = {1},
pages = {45--59},
month = mar
}

@article{Uchiyama:2014je,
author = {Uchiyama, Jumpei and Takemura-Uchiyama, Iyo and Sakaguchi, Yoshihiko and Gamoh, Keiji and Kato, Shin-ichiro and Daibata, Masanori and Ujihara, Takako and Misawa, Naoaki and Matsuzaki, Shigenobu},
title = {{Intragenus generalized transduction in Staphylococcus spp. by a novel giant phage}},
year = {2014},
volume = {8},
number = {9},
pages = {1949--1952},
month = mar
}

@article{Hirsch:1987ux,
author = {Hirsch, Ann M and Smith, Carol A},
title = {{Effects of \emph{Rhizobium meliloti} \emph{nif} and \emph{fix} mutants on nodule development}},
journal = {Journal of Bacteriology},
year = {1987},
volume = {169},
number = {3},
pages = {1137--1146}
}

@article{Anonymous:RAa5eQTC,
title = {{Mini-P1 plasmid partitioning: excess ParB protein destabilizes plasmids containing the centromere parS.}},
year = {2007},
pages = {1--8},
month = mar
}

@article{Michalet:2010hda,
author = {Michalet, Xavier},
title = {{Mean square displacement analysis of single-particle trajectories with localization error: Brownian motion in an isotropic medium}},
journal = {Physical Review E},
year = {2010},
volume = {82},
number = {4},
pages = {041914},
month = oct
}

@article{Coren:1995up,
author = {Coren, Jonathon S and Pierce, James C and Sternberg, Nat},
title = {{Headful packaging revisited: the packaging of more than one DNA molecule into a Bacteriophage P1 head}},
journal = {Journal of Molecular Biology},
year = {1995},
pages = {176--184}
}

@article{Anonymous:2011it,
title = {{Systems-level analysis of microbial communityorganization: Combinatorial labeling and spectralimaging (CLASI) of microbial diversity}},
year = {2011},
pages = {1--6},
month = feb
}

@article{Anonymous:8Bu3_gB4,
title = {{arXiv:cond-mat/9612161v2 [cond-mat.soft] 3 Apr 1997}},
year = {2008},
pages = {1--10},
month = jan
}

@article{Meckfessel:2012df,
author = {Meckfessel, M H and Blancaflor, E B and Plunkett, M and Dong, Q and Dickstein, R},
title = {{Multiple Domains in MtENOD8 Protein Including the Signal Peptide Target It to The Symbiosome}},
journal = {Plant Physiology},
year = {2012},
volume = {159},
number = {1},
pages = {299--310},
month = may
}

@article{Norman:2009cf,
author = {Norman, A and Hansen, L H and Sorensen, S J},
title = {{Conjugative plasmids: vessels of the communal gene pool}},
journal = {Philosophical Transactions of the Royal Society B: Biological Sciences},
year = {2009},
volume = {364},
number = {1527},
pages = {2275--2289},
month = jul
}

@article{Sfeir:2012gca,
author = {Sfeir, A and de Lange, T},
title = {{Removal of Shelterin Reveals the Telomere End-Protection Problem}},
journal = {Science},
year = {2012},
volume = {336},
number = {6081},
pages = {593--597},
month = may
}

@article{Gage:2004ee,
author = {Gage, Daniel J},
title = {{Infection and Invasion of Roots by Symbiotic, Nitrogen-Fixing Rhizobia during Nodulation of Temperate Legumes}},
journal = {Microbiology and Molecular Biology Reviews},
year = {2004},
volume = {68},
number = {2},
pages = {280--300},
month = jun
}

@article{Stewart:2012dda,
author = {Stewart, E J},
title = {{Growing Unculturable Bacteria}},
journal = {Journal of Bacteriology},
year = {2012},
volume = {194},
number = {16},
pages = {4151--4160},
month = jul
}

@article{Wang:2010kk,
author = {Wang, Gaohong and Hao, Zongjie and Huang, Zebo and Chen, Lanzhou and Li, Xiaoyan and Hu, Chunxiang and Liu, Yongding},
title = {{Raman Spectroscopic Analysis of a Desert Cyanobacterium Nostocsp. in Response to UVB Radiation}},
journal = {Astrobiology},
year = {2010},
volume = {10},
number = {8},
pages = {783--788},
month = oct
}

@article{Smillie:2010cp,
author = {Smillie, C and Garcillan-Barcia, M P and Francia, M V and Rocha, E P C and de la Cruz, F},
title = {{Mobility of Plasmids}},
journal = {Microbiology and Molecular Biology Reviews},
year = {2010},
volume = {74},
number = {3},
pages = {434--452},
month = aug
}

@article{Palchevskiy:2006kqa,
author = {Palchevskiy, V and Finkel, S E},
title = {{Escherichia coli Competence Gene Homologs Are Essential for Competitive Fitness and the Use of DNA as a Nutrient}},
journal = {Journal of Bacteriology},
year = {2006},
volume = {188},
number = {11},
pages = {3902--3910},
month = may
}

@article{Rogers:2014ida,
author = {Rogers, C and Oldroyd, G E D},
title = {{Synthetic biology approaches to engineering the nitrogen symbiosis in cereals}},
journal = {Journal of Experimental Botany},
year = {2014},
volume = {65},
number = {8},
pages = {1939--1946},
month = apr
}

@article{Hatcher:2014ut,
author = {Hatcher, Allen},
title = {{Algebraic Topology}},
year = {2014},
pages = {1--559},
month = dec
}

@article{Kellinger:2012gg,
author = {Kellinger, Matthew W and Ulrich, S{\'e}bastien and Chong, Jenny and Kool, Eric T and Wang, Dong},
title = {{Dissecting Chemical Interactions Governing RNA Polymerase II Transcriptional Fidelity}},
journal = {Journal of the American Chemical Society},
year = {2012},
volume = {134},
number = {19},
pages = {8231--8240},
month = may
}

@article{Flibotte:2010fc,
author = {Flibotte, S and Edgley, M L and Chaudhry, I and Taylor, J and Neil, S E and Rogula, A and Zapf, R and Hirst, M and Butterfield, Y and Jones, S J and Marra, M A and Barstead, R J and Moerman, D G},
title = {{Whole-Genome Profiling of Mutagenesis in Caenorhabditis elegans}},
journal = {Genetics},
year = {2010},
volume = {185},
number = {2},
pages = {431--441},
month = jul
}

@article{Tribble:2011fw,
author = {Tribble, G D and Rigney, T W and Dao, D H V and Wong, C T and Kerr, J E and Taylor, B E and Pacha, S and Kaplan, H B},
title = {{Natural Competence Is a Major Mechanism for Horizontal DNA Transfer in the Oral Pathogen Porphyromonas gingivalis}},
journal = {mBio},
year = {2011},
volume = {3},
number = {1},
pages = {e00231--11--e00231--11},
month = dec
}

@article{Poderycki:2006eoc,
author = {Poderycki, Michael J and Kickhoefer, Valerie A and Kaddis, Catherine S and Raval-Fernandes, Sujna and Johansson, Erik and Zink, Jeffrey I and Loo, Joseph A and Rome, Leonard H},
title = {{The Vault Exterior Shell Is a Dynamic Structure that Allows Incorporation of Vault-Associated Proteins into Its Interior {\dag}}},
journal = {Biochemistry},
year = {2006},
volume = {45},
number = {39},
pages = {12184--12193},
month = oct
}

@article{Anonymous:2013caa,
title = {{Cell-free study of F plasmid partition provides evidence for cargo transport by a diffusion-ratchet mechanism}},
year = {2013},
pages = {1--16},
month = mar
}

@article{Anonymous:s_LT1gNh,
title = {{What is Bayesian statistics?}},
year = {2004},
pages = {1--2},
month = aug
}

@article{Anonymous:pMr4M7xi,
title = {{Genetic transformation in freshwater: Escherichia coli is able to develop natural competence.}},
year = {1996},
pages = {1--7},
month = sep
}

@book{Brady:2008vg,
author = {Brady, Nyle C and Weil, Ray R},
title = {{The Nature and Properties of Soils}},
publisher = {Pearson Prentice Hall},
year = {2008}
}

@book{Diaz:2005ud,
author = {D{\'\i}az, Clara L and Gr{\o}nlund, Mett and Schlaman, Helmi R M and Spaink, Herman P},
title = {{Induction of hairy roots in \emph{Lotus japonicus} for symbiotic gene expression studies}},
publisher = {Lotus japonicus handbook},
year = {2005}
}

@article{Wang:2012be,
author = {Wang, Dong and Yang, Shengming and Tang, Fang and Zhu, Hongyan},
title = {{Symbiosis specificity in the legume - rhizobial mutualism}},
journal = {Cellular Microbiology},
year = {2012},
volume = {14},
number = {3},
pages = {334--342},
month = feb
}

@article{Tal:2014iq,
author = {Tal, A and Arbel-Goren, R and Costantino, N and Court, D L and Stavans, J},
title = {{Location of the unique integration site on an Escherichia coli chromosome by bacteriophage lambda DNA in vivo}},
journal = {Proceedings of the National Academy of Sciences},
year = {2014},
volume = {111},
number = {20},
pages = {7308--7312},
month = may
}

@article{Anonymous:2011ita,
title = {{Systems-level analysis of microbial communityorganization: Combinatorial labeling and spectralimaging (CLASI) of microbial diversity}},
year = {2011},
pages = {1--6},
month = feb
}

@article{vonWinckel:2011tn,
author = {von Winckel, Greg},
title = {{Optimization}},
year = {2011},
pages = {1--85},
month = aug
}

@article{Anonymous:yQDkh0Av,
author = {Phillips, Rob and Kondev, Jan{\'e} and Theriot, Julie and Garcia, Hernan G},
title = {{Physical Biology of the Cell - 2nd Edition}},
year = {2012},
pages = {1--1089},
month = nov
}

@article{Kudryavtseva:2014fj,
author = {Kudryavtseva, Natalia N and Sof{\textquoteright}in, Alexis V and Bobylev, Georgiy S and Sorokin, Evgeny M},
title = {{A Comparative Study of Phase States of the Peribacteroid Membrane from Yellow Lupin and Broad Bean Nodules}},
journal = {Biochemistry Research International},
year = {2014},
volume = {2014},
number = {5},
pages = {1--6}
}

@article{Leuck:2013ww,
author = {Leuck, Patrick Niemeyer and Daniel},
title = {{Learning Java}},
year = {2013},
pages = {1--1010},
month = jun
}

@article{Kazandjian:2008vu,
author = {Kazandjian, Aniuska and Shepherd, Virginia A and Rodriguez-Lanetty, Mauricio and Nordmeier, Wiebke and Larkum, Anthony W D and Quinnell, Rosanne G},
title = {{Isolation of symbiosomes and the symbiosome membrane complex from the zoanthid \emph{Zoanthus robustus}}},
journal = {Phycologia},
year = {2008},
volume = {47},
number = {3},
pages = {294--306}
}

@article{Peng:2014dz,
author = {Peng, Jieli and Hao, Baohai and Liu, Liu and Wang, Shanming and Ma, Binguang and Yang, Yi and Xie, Fuli and Li, Youguo},
title = {{RNA-Seq and Microarrays Analyses Reveal Global Differential Transcriptomes of Mesorhizobium huakuii 7653R between Bacteroids and Free-Living Cells}},
journal = {PLoS One},
year = {2014},
volume = {9},
number = {4},
pages = {e93626--18},
month = apr
}

@article{Dalia:2014gu,
author = {Dalia, A B and McDonough, E and Camilli, A},
title = {{Multiplex genome editing by natural transformation}},
journal = {Proceedings of the National Academy of Sciences},
year = {2014},
volume = {111},
number = {24},
pages = {8937--8942},
month = jun
}

@article{Datsenko:2000uo,
author = {Datsenko, Kirill A and Wanner, Barry L},
title = {{One-step inactivation of chromosomal genes in Escherichia coli K-12 using PCR products}},
journal = {Proceedings of the National Academy of Sciences},
year = {2000},
pages = {1--6},
month = apr
}

@article{Couturier:2006hm,
author = {Couturier, Etienne and Rocha, Eduardo P C},
title = {{Replication-associated gene dosage effects shape the genomes of fast-growing bacteria but only for transcription and translation genes}},
journal = {Molecular Microbiology},
year = {2006},
volume = {59},
number = {5},
pages = {1506--1518},
month = jan
}

@article{Albayrak:2010ds,
author = {Albayrak, Aydin and Otu, Hasan H and Sezerman, Ugur O},
title = {{Clustering of protein families into functional subtypes using Relative Complexity Measure with reduced amino acid alphabets}},
journal = {BMC Bioinformatics},
year = {2010},
volume = {11},
number = {1},
pages = {428}
}

@article{Palchevskiy:2006kqc,
author = {Palchevskiy, V and Finkel, S E},
title = {{Escherichia coli Competence Gene Homologs Are Essential for Competitive Fitness and the Use of DNA as a Nutrient}},
journal = {Journal of Bacteriology},
year = {2006},
volume = {188},
number = {11},
pages = {3902--3910},
month = may
}

@article{Yarbrough:2009ft,
author = {Yarbrough, M L and Li, Y and Kinch, L N and Grishin, N V and Ball, H L and Orth, K},
title = {{AMPylation of Rho GTPases by Vibrio VopS Disrupts Effector Binding and Downstream Signaling}},
journal = {Science},
year = {2009},
volume = {323},
number = {5911},
pages = {269--272},
month = jan
}

@article{Rawling:2014bx,
author = {Rawling, D C and Kohlway, A S and Luo, D and Ding, S C and Pyle, A M},
title = {{The RIG-I ATPase core has evolved a functional requirement for allosteric stabilization by the Pincer domain}},
journal = {Nucleic Acids Research},
year = {2014},
volume = {42},
number = {18},
pages = {11601--11611},
month = oct
}

@article{Sen:2013ez,
author = {Sen, Maya and Maillard, Rodrigo A and Nyquist, Kristofor and Rodriguez-Aliaga, Piere and Press{\'e}, Steve and Martin, Andreas and Bustamante, Carlos},
title = {{The ClpXP Protease Unfolds Substrates Using a Constant Rate of Pulling but Different Gears}},
journal = {Cell},
year = {2013},
volume = {155},
number = {3},
pages = {636--646},
month = oct
}

@article{Molin:2003cqb,
author = {Molin, S{\o}ren and Tolker-Nielsen, Tim},
title = {{Gene transfer occurs with enhanced efficiency in biofilms and induces enhanced stabilisation of the biofilm structure}},
journal = {Current Opinion in Biotechnology},
year = {2003},
volume = {14},
number = {3},
pages = {255--261},
month = jun
}

@article{Reyes:2013dya,
author = {Reyes, Nicolas and Oh, SeCheol and Boudker, Olga},
title = {{Binding thermodynamics of a glutamate transporter homolog}},
journal = {Nature Publishing Group},
year = {2013},
volume = {20},
number = {5},
pages = {634--640},
month = apr
}

@article{Smith:2007ex,
author = {Smith, David M and Chang, Shih-Chung and Park, Soyeon and Finley, Daniel and Cheng, Yifan and Goldberg, Alfred L},
title = {{Docking of the Proteasomal ATPases' Carboxyl Termini in the 20S Proteasome's $\alpha$ Ring Opens the Gate for Substrate Entry}},
journal = {Molecular Cell},
year = {2007},
volume = {27},
number = {5},
pages = {731--744},
month = sep
}

@article{Juhas:bga,
author = {Juhas, Mario and Van Der Meer, Jan Roelof and Gaillard, Muriel and Harding, Rosalind M and Hood, Derek W and Crook, Derrick W},
title = {{Genomic islands: tools of bacterial horizontal gene transfer and evolution}},
journal = {FEMS Microbiology Reviews},
volume = {33},
number = {2},
pages = {376--393}
}

@article{Liu:2012kva,
author = {Liu, Li and Chen, Xiaowei and Skogerb{\o}, Geir and Zhang, Peng and Chen, Runsheng and He, Shunmin and Huang, Da-Wei},
title = {{The human microbiome: A hot spot of microbial horizontal gene transfer}},
journal = {Genomics},
year = {2012},
volume = {100},
number = {5},
pages = {265--270},
month = nov
}

@article{Kaiser:2006bv,
author = {Kaiser, Christian M and Chang, Hung-Chun and Agashe, Vishwas R and Lakshmipathy, Sathish K and Etchells, Stephanie A and Hayer-Hartl, Manajit and Hartl, F Ulrich and Barral, Jos{\'e} M},
title = {{Real-time observation of trigger factor function on translating ribosomes}},
journal = {Nature},
year = {2006},
volume = {444},
number = {7118},
pages = {455--460},
month = oct
}

@article{Ramachandran:2011iq,
author = {Ramachandran, Vinoy K and East, Alison K and Karunakaran, Ramakrishnan and Downie, J Allan and Poole, Philip S},
title = {{Adaptation of Rhizobium leguminosarum to pea, alfalfa and sugar beet rhizospheres investigated by comparative transcriptomics}},
journal = {Genome Biology},
year = {2011},
volume = {12},
number = {10},
pages = {R106},
month = oct
}

@techreport{Milo:2014uq,
author = {Milo, Ron and Phillips, Rob},
title = {{Cell Biology by the Numbers}},
year = {2014},
month = dec
}

@article{Gavrin:2014jw,
author = {Gavrin, A and Kaiser, B N and Geiger, D and Tyerman, S D and Wen, Z and Bisseling, T and Fedorova, E E},
title = {{Adjustment of Host Cells for Accommodation of Symbiotic Bacteria: Vacuole Defunctionalization, HOPS Suppression, and TIP1g Retargeting in Medicago}},
journal = {The Plant Cell},
year = {2014},
volume = {26},
number = {9},
pages = {3809--3822},
month = oct
}

@article{Haijema:2001ui,
author = {Haijema, B J and Hahn, J and Haynes, J and Dubnau, D},
title = {{A ComGA-dependent checkpoint limits growth during the escape from competence}},
journal = {Molecular Microbiology},
year = {2001},
volume = {40},
number = {1},
pages = {52--64},
month = mar
}

@article{Anonymous:2009eua,
title = {{The Structure of Rat Liver Vault at 3.5 Angstrom Resolution}},
year = {2009},
pages = {1--5},
month = jan
}

@article{Science:2014uma,
author = {Science, American Association for the Advancement of},
title = {{Gene Duplication{\textquoteright}s Role in Evolution Gets Richer, More Complex}},
year = {2014},
pages = {1--2},
month = apr
}

@article{Gilad:2004bp,
author = {Gilad, E and von Hardenberg, J and Provenzale, A and Shachak, M and Meron, E},
title = {{Ecosystem Engineers: From Pattern Formation to Habitat Creation}},
journal = {Physical Review Letters},
year = {2004},
volume = {93},
number = {9},
pages = {098105--4},
month = aug
}

@article{Ragan:2009gy,
author = {Ragan, M A and Beiko, R G},
title = {{Lateral genetic transfer: open issues}},
journal = {Philosophical Transactions of the Royal Society B: Biological Sciences},
year = {2009},
volume = {364},
number = {1527},
pages = {2241--2251},
month = jul
}

@incollection{Thomason:2007gz,
author = {Thomason, Lynn C and Costantino, Nina and Court, Donald L},
title = {{\emph{E. coli Genome Manipulation by P1 Transduction}}},
booktitle = {Current Protocols in Molecular Biology},
year = {2007},
pages = {1.17.1--1.17.8},
publisher = {John Wiley {\&} Sons, Inc.},
address = {Hoboken, NJ, USA}
}

@article{Kitchin:2014ui,
author = {Kitchin, John},
title = {{Python Computations in Science and Engineering}},
year = {2014},
pages = {1--391},
month = jan
}

@article{Kenniston:2003dpa,
author = {Kenniston, Jon A and Baker, Tania A and Fernandez, Julio M and Sauer, Robert T},
title = {{Linkage between ATP Consumption and Mechanical Unfolding during the Protein Processing Reactions of an AAA+ Degradation Machine}},
journal = {Cell},
year = {2003},
volume = {114},
number = {4},
pages = {511--520},
month = aug
}

@article{Shendure:2012et,
author = {Shendure, Jay and Aiden, Erez Lieberman},
title = {{The expanding scope of DNA sequencing}},
journal = {Nature Publishing Group},
year = {2012},
volume = {30},
number = {11},
pages = {1084--1094},
month = nov
}

@article{Tatum:1947va,
author = {Tatum, E L and Lederberg, Joshua},
title = {{Gene recombination in the bacterium \emph{Escherichia coli}}},
journal = {Journal of Bacteriology},
year = {1947},
month = oct
}

@article{Harris:2010tqa,
author = {{Harris}},
title = {{DNA subsistence, natural competency, and horizontal gene transfer in marine and soil organisms in the environment}},
year = {2010},
pages = {1--20},
month = jul
}

@article{Volkova:2014ki,
author = {Volkova, V V and Lu, Z and Besser, T and Grohn, Y T},
title = {{Modeling the Infection Dynamics of Bacteriophages in Enteric Escherichia coli: Estimating the Contribution of Transduction to Antimicrobial Gene Spread}},
journal = {Applied and Environmental Microbiology},
year = {2014},
volume = {80},
number = {14},
pages = {4350--4362},
month = jun
}

@article{Farkas:2014dv,
author = {Farkas, A and Maroti, G and Durg, H and Gyorgypal, Z and Lima, R M and Medzihradszky, K F and Kereszt, A and Mergaert, P and Kondorosi, E},
title = {{Medicago truncatula symbiotic peptide NCR247 contributes to bacteroid differentiation through multiple mechanisms}},
journal = {Proceedings of the National Academy of Sciences},
year = {2014},
volume = {111},
number = {14},
pages = {5183--5188},
month = apr
}

@article{Moreau:2011en,
author = {Moreau, Sandra and Verdenaud, Marion and Ott, Thomas and Letort, S{\'e}bastien and de Billy, Fran{\c c}oise and Niebel, Andreas and Gouzy, J{\'e}r{\^o}me and de Carvalho-Niebel, Fernanda and Gamas, Pascal},
title = {{Transcription Reprogramming during Root Nodule Development in Medicago truncatula}},
journal = {PLoS One},
year = {2011},
volume = {6},
number = {1},
pages = {e16463--16},
month = jan
}

@article{Thomas:2005hpa,
author = {Thomas, Christopher M and Nielsen, Kaare M},
title = {{Mechanisms of, and Barriers to, Horizontal Gene Transfer between Bacteria}},
journal = {Nature Reviews Microbiology},
year = {2005},
volume = {3},
number = {9},
pages = {711--721},
month = sep
}

@article{Zampini:2009eta,
author = {Zampini, M and Derome, A and Bailey, S E S and Barilla, D and Hayes, F},
title = {{Recruitment of the ParG Segregation Protein to Different Affinity DNA Sites}},
journal = {Journal of Bacteriology},
year = {2009},
volume = {191},
number = {12},
pages = {3832--3841},
month = may
}

@article{Ott:2009vx,
author = {Ott, Thomas and Sullivan, John and James, Euan K and Flemetakis, Emmanouil and G{\"u}nther, Catrin and Gibon, Yves and Ronson, Clive and Udvardi, M},
title = {{Absence of symbiotic leghemoglobins alters bacteroid and plant cell differentiation during development of \emph{Lotus japonicus} root nodules}},
journal = {Molecular Plant-Microbe Interactions},
year = {2009},
volume = {22},
number = {7},
pages = {800--808},
month = may
}

@article{GarcillanBarcia:2011kia,
author = {Garcill{\'a}n-Barcia, Maria Pilar and Alvarado, Andr{\'e}s and de la Cruz, Fernando},
title = {{Identification of bacterial plasmids based on mobility and plasmid population biology}},
journal = {FEMS Microbiology Reviews},
year = {2011},
volume = {35},
number = {5},
pages = {936--956},
month = jul
}

@article{Anonymous:ICgGfc9-,
title = {{Bacterial evolution.}},
year = {2014},
pages = {1--52},
month = mar
}

@article{Koorem:2014cn,
author = {Koorem, Kadri and Gazol, Antonio and {\"O}pik, Maarja and Moora, Mari and Saks, {\"U}lle and Uibopuu, Annika and S{\~o}ber, Virve and Zobel, Martin},
title = {{Soil Nutrient Content Influences the Abundance of Soil Microbes but Not Plant Biomass at the Small-Scale}},
journal = {PLoS One},
year = {2014},
volume = {9},
number = {3},
pages = {e91998--9},
month = mar
}

@article{Madsen:2012fd,
author = {Madsen, Jonas Stenl{\o}kke and Burm{\o}lle, Mette and Hansen, Lars Hestbjerg and S{\o}rensen, S{\o}ren Johannes},
title = {{The interconnection between biofilm formation and horizontal gene transfer}},
journal = {FEMS Immunology {\&} Medical Microbiology},
year = {2012},
volume = {65},
number = {2},
pages = {183--195},
month = apr
}

@article{Yang:2015hg,
author = {Yang, T and Chen, J and Huang, L and Wang, T and Xiao, C and Sun, Z and Dai, D and Yang, X and Zhang, D H},
title = {{Extremely short-lived reaction resonances in Cl + HD (v = 1) -> DCl + H due to chemical bond softening}},
journal = {Science},
year = {2015},
volume = {347},
number = {6217},
pages = {60--63},
month = jan
}

@article{Barton:1998uq,
author = {Barton, N H and Charlesworth, B},
title = {{Why Sex and Recombination?}},
journal = {Science},
year = {1998},
volume = {281},
pages = {1986--1990},
month = sep
}

@article{Prindle:2011cj,
author = {Prindle, Arthur and Samayoa, Phillip and Razinkov, Ivan and Danino, Tal and Tsimring, Lev S and Hasty, Jeff},
title = {{A sensing array of radically coupled genetic {\textquoteleft}biopixels{\textquoteright}}},
journal = {Nature},
year = {2011},
volume = {481},
number = {7379},
pages = {39--44},
month = dec
}

@article{Oren:2014ee,
author = {Oren, Yaara and Smith, Mark B and Johns, Nathan I and Kaplan Zeevi, Millie and Biran, Dvora and Ron, Eliora Z and Corander, Jukka and Wang, Harris H and Alm, Eric J and Pupko, Tal},
title = {{Transfer of noncoding DNA drives regulatory rewiring in bacteria}},
journal = {Proceedings of the National Academy of Sciences},
year = {2014},
volume = {111},
number = {45},
pages = {16112--16117},
month = nov
}

@article{Tria:2014fja,
author = {Tria, F and Loreto, V and Servedio, V D P and Strogatz, S H},
title = {{The dynamics of correlated novelties}},
journal = {Scientific Reports},
year = {2014},
volume = {4},
month = jul
}

@article{Anonymous:2010fb,
title = {{Evolution Is a Quantitative Science}},
year = {2010},
pages = {1--2},
month = may
}

@article{Grunwald:2010dta,
author = {Gr{\"u}nwald, David and Singer, Robert H},
title = {{In vivo imaging of labelled endogenous $\beta$-actin mRNA during nucleocytoplasmic transport}},
journal = {Nature},
year = {2010},
volume = {467},
number = {7315},
pages = {604--607},
month = sep
}

@article{Jegou:2009kb,
author = {Jegou, Thibaud and Chung, Inn and Heuvelman, Gerrit and Wachsmuth, Malte and G{\"o}risch, Sabine M and Greulich-Bode, Karin M and Boukamp, Petra and Lichter, Peter and Rippe, Karsten},
title = {{Dynamics of Telomeres and Promyelocytic Leukemia Nuclear Bodies in a Telomerase-negative Human Cell Line}},
journal = {Molecular Biology of the Cell},
year = {2009},
pages = {2070--2082},
month = mar
}

@article{Averhoff:2003ex,
author = {Averhoff, Beate and Friedrich, Alexandra},
title = {{Type IV pili-related natural transformation systems: DNA transport in mesophilic and thermophilic bacteria}},
journal = {Archives of Microbiology},
year = {2003},
volume = {180},
number = {6},
pages = {385--393},
month = dec
}

@article{Rawling:2014iba,
author = {Rawling, David C and Pyle, Anna Marie},
title = {{Parts, assembly and operation of the RIG-I family of motors}},
journal = {Current Opinion in Structural Biology},
year = {2014},
volume = {25},
pages = {25--33},
month = apr
}

@article{Peterson:2009fgb,
author = {Peterson, E L and Kondev, J and Theriot, J A and Phillips, R},
title = {{Reduced amino acid alphabets exhibit an improved sensitivity and selectivity in fold assignment}},
journal = {Bioinformatics},
year = {2009},
volume = {25},
number = {11},
pages = {1356--1362},
month = may
}

@article{Akyuz:2013bia,
author = {Akyuz, Nurunisa and Altman, Roger B and Blanchard, Scott C and Boudker, Olga},
title = {{Transport dynamics in a glutamate transporter homologue}},
journal = {Nature},
year = {2013},
volume = {502},
number = {7469},
pages = {114--118},
month = sep
}

@article{Anonymous:MZ4n9qC2,
title = {{Kedersha, Rome_1986_Preparative agarose gel electrophoresis for the purification of small organelles and particles}},
year = {2003},
pages = {1--10},
month = oct
}

@article{Anonymous:2013fo,
title = {{DNA-uptake machinery of naturally competentVibrio cholerae}},
year = {2013},
pages = {1--6},
month = oct
}

@article{Pinto:2012bn,
author = {Pinto, Uelinton M and Pappas, Katherine M and Winans, Stephen C},
title = {{The ABCs of plasmid replication and segregation}},
journal = {Nature Reviews Microbiology},
year = {2012},
volume = {10},
number = {11},
pages = {755--765},
month = oct
}

@article{Ben:2013gt,
author = {Ben, J and Zhang, Y and Zhou, R and Zhang, H and Zhu, X and Li, X and Zhang, H and Li, N and Zhou, X and Bai, H and Yang, Q and Li, D and Xu, Y and Chen, Q},
title = {{Major Vault Protein Regulates Class A Scavenger Receptor-mediated Tumor Necrosis Factor-~ Synthesis and Apoptosis in Macrophages}},
journal = {Journal of Biological Chemistry},
year = {2013},
volume = {288},
number = {27},
pages = {20076--20084},
month = jul
}

@article{Johnston:2014dc,
author = {Johnston, Calum and Martin, Bernard and Fichant, Gwennaele and Polard, Patrice and Claverys, Jean-Pierre},
title = {{Bacterial transformation: distribution, shared mechanisms and divergent control}},
journal = {Nature Publishing Group},
year = {2014},
volume = {12},
number = {3},
pages = {181--196},
month = feb
}

@article{Reinhard:2014kha,
author = {Reinhard, F and van der Meer, J R},
title = {{Life History Analysis of Integrative and Conjugative Element Activation in Growing Microcolonies of Pseudomonas}},
journal = {Journal of Bacteriology},
year = {2014},
volume = {196},
number = {7},
pages = {1425--1434},
month = mar
}

@article{Biswas:1982tl,
author = {Biswas, G D and Graves, J F and Sox, T E and Tenover, F C and Sparling, P F},
title = {{Marker rescue by a homologous recipient plasmid during transformation of Gonococci by a hybrid Pc$^{r }$plasmid}},
journal = {Journal of Bacteriology},
year = {1982},
volume = {151},
number = {2},
pages = {77--82}
}

@article{Anonymous:4grvA47B,
title = {{Complete DNA Sequence and Detailed Analysis of the}},
year = {1998},
pages = {1--12},
month = nov
}

@article{Sessitsch:2002vq,
author = {Sessitsch, Angela and Gyamfi, Stephen and Stralis-Pavese, Nanci and Weilherter, Alexandra and Pfeifer, Ulrike},
title = {{RNA isolation from soil for bacterial community and functional analysis: evaluation of different extraction and soil conservation protocols}},
journal = {Journal of Microbiological Methods},
year = {2002},
volume = {51},
pages = {171--179},
month = jul
}

@article{Suprenant:2002fj,
author = {Suprenant, Kathy A},
title = {{Vault Ribonucleoprotein Particles:~ Sarcophagi, Gondolas, or Safety Deposit Boxes? {\dag}}},
journal = {Biochemistry},
year = {2002},
volume = {41},
number = {49},
pages = {14447--14454},
month = dec
}

@article{Tantau:2012vp,
author = {Tantau, Till},
title = {{TikZ + PGF Mannual}},
year = {2012},
pages = {1--880},
month = nov
}

@article{Baur:2006ba,
author = {Baur, Bea and Hanselmann, Kurt and Schlimme, Wolfram and Jennt, Bernard},
title = {{Genetic transformation in freshwater: Escherichia coli is able to develop natural competence.}},
journal = {Applied and Environmental Microbiology},
year = {1996},
pages = {1--7},
month = sep
}

@article{Michna:2013jj,
author = {Michna, R H and Commichau, F M and Todter, D and Zschiedrich, C P and Stulke, J},
title = {{\emph{Subti}Wiki-a database for the model organism \emph{Bacillus subtilis} that links pathway, interaction and expression information}},
journal = {Nucleic Acids Research},
year = {2013},
volume = {42},
number = {D1},
pages = {D692--D698},
month = dec
}

@article{MollerJensen:2007ke,
author = {M{\o}ller-Jensen, Jakob and Ringgaard, Simon and Mercogliano, Christopher P and Gerdes, Kenn and L{\"o}we, Jan},
title = {{Structural analysis of the ParR/parC plasmid partition complex}},
journal = {The EMBO Journal},
year = {2007},
volume = {26},
number = {20},
pages = {4413--4422},
month = sep
}

@article{Rougier:2014gd,
author = {Rougier, Nicolas P and Droettboom, Michael and Bourne, Philip E},
title = {{Ten Simple Rules for Better Figures}},
journal = {PLoS Computational Biology},
year = {2014},
volume = {10},
number = {9},
pages = {e1003833},
month = sep
}

@article{Otto:2006vd,
author = {Otto, S P and Gerstein, A C},
title = {{Meiosis and the Causes and Consequences of Recombination}},
journal = {Biochemical Society},
year = {2006},
pages = {1--4},
month = jul
}

@article{Pan:1995tf,
author = {Pan, Shen Q and Jin, Shouguang and Boulton, Margaret I and Hawes, Martha and Gordon, Milton P and Nester, Eugene W},
title = {{\emph{Agrobacterium }virulence factor encoded by a Ti plasmid gene or a chromosomal gene is required for T-DNA transfer into plants}},
journal = {Molecular Microbiology},
year = {1995},
volume = {17},
number = {2},
pages = {259--269}
}

@article{Weitz:2014dva,
author = {Weitz, S H and Gong, M and Barr, I and Weiss, S and Guo, F},
title = {{Processing of microRNA primary transcripts requires heme in mammalian cells}},
journal = {Proceedings of the National Academy of Sciences},
year = {2014},
volume = {111},
number = {5},
pages = {1861--1866},
month = feb
}

@article{Sato:1970tz,
author = {Sato, Koki and Campbell, Allan},
title = {{Specialized transduction of galactose by Lambda Phage from a deletion lysogen}},
journal = {Virology},
year = {1970},
pages = {474--487}
}

@article{Goldreich:2008vn,
author = {Goldreich, Peter and Mahajan, Sanjoy and Phinney, Sterl},
title = {{Order-of-Magnitude Physics}},
year = {2008},
pages = {1--112},
month = sep
}

@article{Anonymous:G1YT-oGy,
title = {{The RepA protein of plasmid pSC101 controls Escherichia coli cell division through the SOS response}},
year = {1910},
pages = {1--8},
month = nov
}

@article{Poderycki:2006eo,
author = {Poderycki, Michael J and Kickhoefer, Valerie A and Kaddis, Catherine S and Raval-Fernandes, Sujna and Johansson, Erik and Zink, Jeffrey I and Loo, Joseph A and Rome, Leonard H},
title = {{The Vault Exterior Shell Is a Dynamic Structure that Allows Incorporation of Vault-Associated Proteins into Its Interior {\dag}}},
journal = {Biochemistry},
year = {2006},
volume = {45},
number = {39},
pages = {12184--12193},
month = oct
}

@article{Campbell:2007id,
author = {Campbell, C S and Mullins, R D},
title = {{In vivo visualization of type II plasmid segregation: bacterial actin filaments pushing plasmids}},
journal = {The Journal of Cell Biology},
year = {2007},
volume = {179},
number = {5},
pages = {1059--1066},
month = dec
}

@article{Anonymous:mFNuCbsy,
title = {{Unknown_Unknown_Huang, Ayliffe, Timmis - 2004 - Simple and complex nuclear loci created by newly transferred chloroplast DNA in tobacco.}},
year = {2014},
month = nov
}

@article{Cagatay:2009ie,
author = {{\c C}agatay, Tolga and Turcotte, Marc and Elowitz, Michael B and Garcia-Ojalvo, Jordi and S{\"u}el, G{\"u}rol M},
title = {{Architecture-Dependent Noise Discriminates Functionally Analogous Differentiation Circuits}},
journal = {Cell},
year = {2009},
volume = {139},
number = {3},
pages = {512--522},
month = oct
}

@article{Guttikonda:2010hq,
author = {Guttikonda, Satish K and Trupti, Joshi and Bisht, Naveen C and Chen, Hui and An, Yong-Qiang C and Pandey, Sona and Xu, Dong and Yu, Oliver},
title = {{Whole genome co-expression analysis of soybean cytochrome P450 genes identifies nodulation-specific P450 monooxygenases}},
journal = {BMC Plant Biology},
year = {2010},
volume = {10},
number = {1},
pages = {243},
month = nov
}

@article{Wade:2002ta,
author = {Wade, William},
title = {{Unculturable bacteria - the uncharacterized organisms that cause oral infections}},
journal = {Journal of the Royal Society of Medicine},
year = {2002},
volume = {95},
pages = {81--83},
month = feb
}

@article{Savage:2013dw,
author = {Savage, V J and Chopra, I and O'Neill, A J},
title = {{Staphylococcus aureus Biofilms Promote Horizontal Transfer of Antibiotic Resistance}},
journal = {Antimicrobial Agents and Chemotherapy},
year = {2013},
volume = {57},
number = {4},
pages = {1968--1970},
month = mar
}

@article{Weeks:2012gh,
author = {Weeks, E R},
title = {{Melting Colloidal Crystals from the Inside Out}},
journal = {Science},
year = {2012},
volume = {338},
number = {6103},
pages = {55--56},
month = oct
}

@article{Sasaki:2013wj,
author = {Sasaki, Takem and Suzaki, Takuya and Kawaguchi, Masayoshi},
title = {{Stable transformation in \emph{Lotus Japonicus}}},
journal = {Bio-protocol},
year = {2013},
volume = {3},
number = {12},
month = jun
}

@article{Wang:2010kka,
author = {Wang, Gaohong and Hao, Zongjie and Huang, Zebo and Chen, Lanzhou and Li, Xiaoyan and Hu, Chunxiang and Liu, Yongding},
title = {{Raman Spectroscopic Analysis of a Desert Cyanobacterium Nostocsp. in Response to UVB Radiation}},
journal = {Astrobiology},
year = {2010},
volume = {10},
number = {8},
pages = {783--788},
month = oct
}

@article{Dimitriu:2014ce,
author = {Dimitriu, T and Lotton, C and Benard-Capelle, J and Misevic, D and Brown, S P and Lindner, A B and Taddei, F},
title = {{Genetic information transfer promotes cooperation in bacteria}},
journal = {Proceedings of the National Academy of Sciences},
year = {2014},
volume = {111},
number = {30},
pages = {11103--11108},
month = jul
}

@article{MashburnWarren:2012ee,
author = {Mashburn-Warren, L and Morrison, D A and Federle, M J},
title = {{The Cryptic Competence Pathway in Streptococcus pyogenes Is Controlled by a Peptide Pheromone}},
journal = {Journal of Bacteriology},
year = {2012},
volume = {194},
number = {17},
pages = {4589--4600},
month = aug
}

@article{Wang:2014kt,
author = {Wang, Yan and Kasper, Lloyd H},
title = {{The role of microbiome in central nervous system disorders}},
journal = {Brain Behavior and Immunity},
year = {2014},
volume = {38},
number = {C},
pages = {1--12},
month = may
}

@article{Anonymous:Vdr1H7ml,
title = {{Determination of dissolved deoxyribonucleic acid concentration in lake water}},
year = {2006},
pages = {1--10},
month = dec
}

@article{Anonymous:8PeHPLeo,
title = {{Survival and biological activity of heat damaged DNA}},
year = {1998},
pages = {1--4},
month = oct
}

@article{Madsen:2012fda,
author = {Madsen, Jonas Stenl{\o}kke and Burm{\o}lle, Mette and Hansen, Lars Hestbjerg and S{\o}rensen, S{\o}ren Johannes},
title = {{The interconnection between biofilm formation and horizontal gene transfer}},
journal = {FEMS Immunology {\&} Medical Microbiology},
year = {2012},
volume = {65},
number = {2},
pages = {183--195},
month = apr
}

@article{Kickhoefer:2002hc,
author = {Kickhoefer, V A and Poderycki, M J and Chan, E K L and Rome, L H},
title = {{The La RNA-binding Protein Interacts with the Vault RNA and Is a Vault-associated Protein}},
journal = {Journal of Biological Chemistry},
year = {2002},
volume = {277},
number = {43},
pages = {41282--41286},
month = oct
}

@article{Anonymous:2010jl,
title = {{201002565 1..10}},
year = {2010},
pages = {1--10},
month = apr
}

@article{Anonymous:2013ca,
title = {{Cell-free study of F plasmid partition provides evidence for cargo transport by a diffusion-ratchet mechanism}},
year = {2013},
pages = {1--16},
month = mar
}

@article{Rawling:2014ib,
author = {Rawling, David C and Pyle, Anna Marie},
title = {{Parts, assembly and operation of the RIG-I family of motors}},
journal = {Current Opinion in Structural Biology},
year = {2014},
volume = {25},
pages = {25--33},
month = apr
}

@article{Graupner:2001ii,
author = {Graupner, S and Weger, N and Sohni, M and Wackernagel, W},
title = {{Requirement of novel competence genes \emph{pilT }and \emph{pilU} of \emph{Pseudomonas stutzeri} for natural transformation and suppression of \emph{pilT }deficiency by a hexahistidine tag on the type IV pilus protein PilAI.}},
journal = {Journal of Bacteriology},
year = {2001},
volume = {183},
number = {16},
pages = {4694--4701},
month = aug
}

@article{Schmidt:1996wk,
author = {Schmidt, Torsten and Friehs, Karl and Flaschel, Erwin},
title = {{Rapid determination of plasmid copy number}},
journal = {Journal of Biotechnology},
year = {1996},
pages = {219--229}
}

@article{Chateigner:2014ev,
author = {Chateigner, Aur eacute lien and Ernenwein, Lise and Barbe, Val eacute rie and zier, Annie B eacute and Herniou, Elisabeth A and Cordaux, Richard and Gilbert, Cl eacute ment},
title = {{Population genomics supports baculoviruses as vectors of horizontal transfer of insect transposons}},
journal = {Nature Communications},
year = {2014},
volume = {5},
pages = {1--9},
month = feb
}

@article{Comeau:2008jo,
author = {Comeau, Andr{\'e} M and Hatfull, Graham F and Krisch, Henry M and Lindell, Debbie and Mann, Nicholas H and Prangishvili, David},
title = {{Exploring the prokaryotic virosphere}},
journal = {Research in Microbiology},
year = {2008},
volume = {159},
number = {5},
pages = {306--313},
month = jun
}

@article{Ran:2013dm,
author = {Ran, F Ann and Hsu, Patrick D and Wright, Jason and Agarwala, Vineeta and Scott, David A and Zhang, Feng},
title = {{Genome engineering using the CRISPR-Cas9 system}},
journal = {Nature Protocols},
year = {2013},
volume = {8},
number = {11},
pages = {2281--2308},
month = oct
}

@article{Wang:2012gj,
author = {Wang, Yong and Hayatsu, Masahito and Fujii, Takeshi},
title = {{Extraction of Bacterial RNA from Soil: Challenges and Solutions}},
journal = {Microbes and Environments},
year = {2012},
volume = {27},
number = {2},
pages = {111--121}
}

@article{Keen:2014jz,
author = {Keen, Eric C},
title = {{A century of phage research: Bacteriophages and the shaping of modern biology}},
journal = {BioEssays},
year = {2014},
volume = {37},
number = {1},
pages = {6--9},
month = dec
}

@article{Syvanen:1985vv,
author = {Syvanen, Michael},
title = {{Cross-species Gen Trnasfer; Implications for a New Theory of Evolution}},
journal = {Journal of Theoretical Biology},
year = {1985},
volume = {112},
pages = {333--343},
month = jan
}

@article{Brewster:2014ez,
author = {Brewster, Robert C and Weinert, Franz M and Garcia, Hernan G and Song, Dan and Rydenfelt, Mattias and Phillips, Rob},
title = {{The Transcription Factor Titration Effect Dictates Level of Gene Expression}},
journal = {Cell},
year = {2014},
pages = {1--12},
month = mar
}

@article{Conlan:2014gv,
author = {Conlan, S and Thomas, P J and Deming, C and Park, M and Lau, A F and Dekker, J P and Snitkin, E S and Clark, T A and Luong, K and Song, Y and Tsai, Y C and Boitano, M and Dayal, J and Brooks, S Y and Schmidt, B and Young, A C and Thomas, J W and Bouffard, G G and Blakesley, R W and {NISC Comparative Sequencing Program} and Mullikin, J C and Korlach, J and Henderson, D K and Frank, K M and Palmore, T N and Segre, J A},
title = {{Single-molecule sequencing to track plasmid diversity of hospital-associated carbapenemase-producing Enterobacteriaceae}},
journal = {Science Translational Medicine},
year = {2014},
volume = {6},
number = {254},
pages = {254ra126--254ra126},
month = sep
}

@article{Hohn:2014vd,
author = {H{\"o}hn, Stephanie and Honerkamp-Smith, Aurelia R and Haas, Pierre A and Trong, PHilipp Khux and Goldstein, Raymond E},
title = {{Dynamics of a \emph{Volvox} Embryo Turning Itself Inside Out}},
journal = {Arxiv},
year = {2014},
pages = {1--5},
month = sep
}

@article{Oono:2010hg,
author = {Oono, Ryoko and Schmitt, Imke and Sprent, Janet I and Denison, R Ford},
title = {{Multiple evolutionary origins of legume traits leading to extreme rhizobial differentiation}},
journal = {New Phytologist},
year = {2010},
volume = {187},
number = {2},
pages = {508--520},
month = apr
}

@article{Oldroyd:2008hd,
author = {Oldroyd, Giles E D and Downie, J Allan},
title = {{Coordinating Nodule Morphogenesis with Rhizobial Infection in Legumes}},
journal = {Annual Review of Plant Biology},
year = {2008},
volume = {59},
number = {1},
pages = {519--546},
month = jun
}

@article{Anonymous:tlqh2qFZ,
title = {{RNA location and modeling of a WD40 repeat domain within the vault.}},
year = {2000},
pages = {1--12},
month = may
}

@article{Panter:2000wj,
author = {Panter, S and Thomson, R and de Bruxelles, G and laver, D and Trevaskis, B and Udvardi, M},
title = {{Identification with the proteomics of novel proteins associated with peribacteroid membrane of soybean root nodules}},
journal = {Molecular Plant-Microbe Interactions},
year = {2000},
volume = {13},
number = {3},
pages = {325--333},
month = jan
}

@article{Tomita:2014jn,
author = {Tomita, Satoshi and Tsuge, Kenji and Kikuchi, Yo and Itaya, Mitsuhiro},
title = {{Region Dependent Efficiency for Recombinational Transfer of the Bacillus subtilis168 Genome}},
journal = {Bioscience, Biotechnology and Biochemistry},
year = {2014},
volume = {68},
number = {6},
pages = {1382--1384},
month = may
}

@webpage{NOAAlighting,
author = {{NOAA}},
title = {{Lightning Flash Rate}},
year = {2015},
month = jan
}

@article{Anonymous:8acEnJDy,
title = {{Direct measurement of the transfer rate of chloroplast DNA into the nucleus}},
year = {2003},
pages = {1--5},
month = feb
}

@article{Lau:2004bp,
author = {Lau, Ivy F and Filipe, Sergio R and S{\o}balle, Britta and {\O}kstad, Ole-Andreas and Barre, Francois-Xavier and Sherratt, David J},
title = {{Spatial and temporal organization of replicating \emph{Escherichia coli} chromosomes}},
journal = {Molecular Microbiology},
year = {2004},
volume = {49},
number = {3},
pages = {731--743},
month = jan
}

@article{Lukjancenko:2010gd,
author = {Lukjancenko, Oksana and Wassenaar, Trudy M and Ussery, David W},
title = {{Comparison of 61 sequenced \emph{Escherichia coli }genomes}},
journal = {Microbial Ecology},
year = {2010},
volume = {60},
number = {4},
pages = {708--720},
month = jul
}

@article{Rasko:2011bf,
author = {Rasko, David A and Webster, Dale R and Sahl, Jason W and Bashir, Ali and Boisen, Nadio and Scheutz, Flemming and Paxinos, Ellen E and Sebra, Robert and Chin, Chen-Shan and Iliopoulos, Dimittris and Klammer, Aaron and Peluso, Paul and Lee, Lawrence and Kislyuk, Andrey O and Bullard, James and Kasarskis, Andrew and Wang, Susanna and Eid, John and Rank, David and Redman, Julia C and Steyert, Susan R and Frimodt-M{\o}ller, Jakob and Struve, Carsten and Petersen, Andreas M and Krogfelt, Karen A and Nataro, James P and Schadt, Eric E and Waldor, Matthew K},
title = {{Origins of the E. coli Strain Causing an Outbreak of Hemolytic{\textendash}Uremic Syndrome in Germany}},
journal = {New England Journal of Medicine},
year = {2011},
volume = {365},
number = {8},
pages = {709--717},
month = aug
}

@article{Kaiser:2006bva,
author = {Kaiser, Christian M and Chang, Hung-Chun and Agashe, Vishwas R and Lakshmipathy, Sathish K and Etchells, Stephanie A and Hayer-Hartl, Manajit and Hartl, F Ulrich and Barral, Jos{\'e} M},
title = {{Real-time observation of trigger factor function on translating ribosomes}},
journal = {Nature},
year = {2006},
volume = {444},
number = {7118},
pages = {455--460},
month = oct
}

@article{Vartoukian:2010cn,
author = {Vartoukian, Sonia R and Palmer, Richard M and Wade, William G},
title = {{Strategies for culture of {\textquoteleft}unculturable{\textquoteright} bacteria}},
journal = {FEMS Microbiology Letters},
year = {2010},
pages = {no--no},
month = apr
}

@article{Gyles:2014je,
author = {Gyles, C and Boerlin, P},
title = {{Horizontally transferred genetic elements and their role in pathogenesis of bacterial disease.}},
journal = {Veterinary Pathology},
year = {2014},
volume = {51},
number = {2},
pages = {328--340},
month = mar
}

@article{England:2013ed,
author = {England, Jeremy L},
title = {{Statistical physics of self-replication}},
journal = {The Journal of Chemical Physics},
year = {2013},
volume = {139},
number = {12},
pages = {121923}
}

@article{Michalet:2010hd,
author = {Michalet, Xavier},
title = {{Mean square displacement analysis of single-particle trajectories with localization error: Brownian motion in an isotropic medium}},
journal = {Physical Review E},
year = {2010},
volume = {82},
number = {4},
pages = {041914},
month = oct
}

@article{Morikawa:2012kl,
author = {Morikawa, Kazuya and Takemura, Aya J and Inose, Yumiko and Tsai, Melody and Nguyen Thi, Le Thuy and Ohta, Toshiko and Msadek, Tarek},
title = {{Expression of a Cryptic Secondary Sigma Factor Gene Unveils Natural Competence for DNA Transformation in Staphylococcus aureus}},
journal = {PLoS Pathogens},
year = {2012},
volume = {8},
number = {11},
pages = {e1003003},
month = nov
}

@article{Hirsch:1992vo,
author = {Hirsch, Ann M},
title = {{Developmental biology of legume nodulation}},
journal = {New Phytologist},
year = {1992},
volume = {122},
pages = {211--237}
}

@article{Lebeis:2015iy,
author = {Lebeis, Sarah L},
title = {{Greater than the sum of their parts: characterizing plant microbiomes at the community-level}},
journal = {Current Opinion in Plant Biology},
year = {2015},
volume = {24},
pages = {82--86},
month = apr
}

@article{Brodsky:2012jd,
author = {Brodsky, Frances M and Thattai, Mukund and Mayor, Satyajit},
title = {{Evolutionary cell biology: Lessons from diversity}},
journal = {Nature Cell Biology},
year = {2012},
volume = {14},
number = {7},
pages = {651--651},
month = jul
}

@article{Dubarry:2011bx,
author = {Dubarry, M and Loiodice, I and Chen, C L and Thermes, C and Taddei, A},
title = {{Tight protein-DNA interactions favor gene silencing}},
journal = {Genes {\&} Development},
year = {2011},
volume = {25},
number = {13},
pages = {1365--1370},
month = jul
}

@article{Anonymous:UsHY1cz_,
title = {{Mars-Like Soils in the AtacamaDesert, Chile, and the Dry Limitof Microbial Life}},
year = {2014},
pages = {1--5},
month = dec
}

@article{ChibaniChennoufi:2004gv,
author = {Chibani-Chennoufi, S and Bruttin, A and Dillmann, M L and Brussow, H},
title = {{Phage-Host Interaction: an Ecological Perspective}},
journal = {Journal of Bacteriology},
year = {2004},
volume = {186},
number = {12},
pages = {3677--3686},
month = jun
}

@article{Woodbury:2006dg,
author = {Woodbury, Robyn L and Wang, Xin and Moran Jr., Charles P},
title = {{Sigma X induces competence gene expression in Streptococcus pyogenes}},
journal = {Research in Microbiology},
year = {2006},
volume = {157},
number = {9},
pages = {851--856},
month = nov
}

@article{Emerich:2014fo,
author = {Emerich, David W and Krishnan, Hari B},
title = {{Symbiosomes: temporary moonlighting organelles}},
journal = {Biochemical Journal},
year = {2014},
volume = {460},
number = {1},
pages = {1--11},
month = apr
}

@incollection{Wienkoop:2005wu,
author = {Wienkoop, Stefanie},
title = {{Isolation of peribacteroid membrane of \emph{Lotus japonicus }for proteome analysis}},
booktitle = {Lotus japonicus Handbook},
year = {2005},
pages = {161--163}
}

@article{Vartoukian:2010cnb,
author = {Vartoukian, Sonia R and Palmer, Richard M and Wade, William G},
title = {{Strategies for culture of {\textquoteleft}unculturable{\textquoteright} bacteria}},
journal = {FEMS Microbiology Letters},
year = {2010},
pages = {no--no},
month = apr
}

@article{Reinhard:2014kh,
author = {Reinhard, F and van der Meer, J R},
title = {{Life History Analysis of Integrative and Conjugative Element Activation in Growing Microcolonies of Pseudomonas}},
journal = {Journal of Bacteriology},
year = {2014},
volume = {196},
number = {7},
pages = {1425--1434},
month = mar
}

@article{Anonymous:9q-w1F0d,
title = {{Lateral gene transfer and the nature of bacterial innovation}},
year = {2014},
pages = {1--6},
month = jan
}

@article{LeborgneCastel:2014jx,
author = {Leborgne-Castel, Nathalie},
title = {{Plasma membrane protein trafficking in plant{\textendash}microbe interactions: a plant cell point of view}},
journal = {Frontiers in Plant Science},
year = {2014},
pages = {1--13},
month = dec
}

@article{Boto:2015hf,
author = {Boto, Luis},
title = {{Evolutionary change and phylogenetic relationships in light of horizontal gene transfer}},
journal = {Journal of Biosciences},
year = {2015},
pages = {1--8},
month = apr
}

@article{Rayssiguier:1991to,
author = {Rayssiguier, C and Dohet, C and Radman, M},
title = {{Interspecific recombination between \emph{Escherichia coli }and\emph{ Salmonella typhimurium }occurs by the RecABCD pathway}},
journal = {Biochimie},
year = {1991},
pages = {371--374}
}

@article{Anonymous:xp9R7j2t,
title = {{Integration of foreign DNA during naturaltransformation of Acinetobacter sp. byhomology-facilitated illegitimate recombination}},
year = {2002},
pages = {1--6},
month = feb
}

@webpage{Anonymous:PVYBJ9AU,
title = {{Project Ideas {\textemdash} Lab Notebook}},
year = {2014},
month = sep
}

@article{Ryu:2012dt,
author = {Ryu, Hojin and Cho, Hyunwoo and Choi, Daeseok and Hwang, Ildoo},
title = {{Plant hormonal regulation of nitrogen-fixing nodule organogenesis}},
journal = {Molecules and Cells},
year = {2012},
volume = {34},
number = {2},
pages = {117--126},
month = jul
}

@article{Matilla:2014kj,
author = {Matilla, Miguel A and Fang, Xinzhe and Salmond, George PC},
title = {{Viunalikeviruses are environmentally common agents of horizontal gene transfer in pathogens and biocontrol bacteria}},
year = {2014},
volume = {8},
number = {10},
pages = {2143--2147},
month = aug
}

@article{Knief:2014fr,
author = {Knief, Claudia},
title = {{Analysis of plant microbe interactions in the era of next generation sequencing technologies}},
year = {2014},
pages = {1--23},
month = may
}

@article{Creecy:2015bk,
author = {Creecy, James P and Conway, Tyrrell},
title = {{Quantitative bacterial transcriptomics with RNA-seq}},
journal = {Current Opinion in Microbiology},
year = {2015},
volume = {23},
pages = {133--140},
month = feb
}

@article{Kasas:2013kq,
author = {Kasas, S and Longo, G and Dietler, G},
title = {{Mechanical properties of biological specimens explored by atomic force microscopy}},
journal = {Journal of Physics D: Applied Physics},
year = {2013},
volume = {46},
number = {13},
pages = {133001},
month = feb
}

@article{delaCruz:2010io,
author = {de la Cruz, Fernando and Frost, Laura S and Meyer, Richard J and Zechner, Ellen L},
title = {{Conjugative DNA metabolism in Gram-negative bacteria}},
journal = {FEMS Microbiology Reviews},
year = {2010},
volume = {34},
number = {1},
pages = {18--40},
month = jan
}

@article{Merrick:1995tf,
author = {Merrick, M J and Edwards, R A},
title = {{Nitrogen control in bacteria}},
journal = {Microbiological Reviews},
year = {1995},
volume = {59},
number = {4},
pages = {604--622},
month = nov
}

@article{Michalet:2012do,
author = {Michalet, Xavier and Berglund, Andrew J},
title = {{Optimal diffusion coefficient estimation in single-particle tracking}},
journal = {Physical Review E},
year = {2012},
volume = {85},
number = {6},
pages = {061916},
month = jun
}

@article{Lucic:2013hua,
author = {Lucic, V and Rigort, A and Baumeister, W},
title = {{Cryo-electron tomography: The challenge of doing structural biology in situ}},
journal = {The Journal of Cell Biology},
year = {2013},
volume = {202},
number = {3},
pages = {407--419},
month = aug
}

@article{Russo:2014ji,
author = {Russo, Christopher J and Passmore, Lori A},
title = {{Controlling protein adsorption on graphene for cryo-EM using low-energy hydrogen plasmas}},
journal = {Nature Methods},
year = {2014},
volume = {11},
number = {6},
pages = {649--652},
month = apr
}

@article{Pooley:2010jqa,
author = {Pooley, David T},
title = {{Bacterial Bioluminescence, Bioelectromagnetics and Function}},
journal = {Photochemistry and Photobiology},
year = {2010},
volume = {87},
number = {2},
pages = {324--328},
month = dec
}

@article{Martin:2013hg,
author = {Martin, Laetitia B B and Fei, Zhangjun and Giovannoni, James J and Rose, Jocelyn K C},
title = {{Catalyzing plant science research with RNA-seq}},
journal = {Frontiers in Plant Science},
year = {2013},
volume = {4},
pages = {1--10}
}

@article{Kumar:2014fga,
author = {Kumar, H and Kasho, V and Smirnova, I and Finer-Moore, J S and Kaback, H R and Stroud, R M},
title = {{Structure of sugar-bound LacY}},
journal = {Proceedings of the National Academy of Sciences},
year = {2014},
volume = {111},
number = {5},
pages = {1784--1788},
month = feb
}

@article{Carpentier:2005ip,
author = {Carpentier, Anne-Sophie and Torr{\'e}sani, Bruno and Grossmann, Alex and H{\'e}naut, Alain},
title = {{Decoding the nucleoid organisation of \emph{Bacillus subtilis }and\emph{ Escherichia coli }through gene expression data}},
journal = {BMC Genomics},
year = {2005},
volume = {6},
number = {84}
}

@article{Hwang:2010cs,
author = {Hwang, Jin Ha and Ellingson, Sally R and Roberts, Daniel M},
title = {{Ammonia permeability of the soybean nodulin 26 channel}},
journal = {Febs Letters},
year = {2010},
volume = {584},
number = {20},
pages = {4339--4343},
month = oct
}

@article{Guglielmini:2014bc,
author = {Guglielmini, J and Neron, B and Abby, S S and Garcillan-Barcia, M P and de la Cruz, F and Rocha, E P C},
title = {{Key components of the eight classes of type IV secretion systems involved in bacterial conjugation or protein secretion}},
journal = {Nucleic Acids Research},
year = {2014},
volume = {42},
number = {9},
pages = {5715--5727},
month = may
}

@article{Reinhardt:2014kn,
author = {Reinhardt, Didier},
title = {{The role of the cell wall compartment in mutualistic symbioses of plants}},
year = {2014},
pages = {1--15},
month = may
}

@article{Grunwald:2010dt,
author = {Gr{\"u}nwald, David and Singer, Robert H},
title = {{In vivo imaging of labelled endogenous $\beta$-actin mRNA during nucleocytoplasmic transport}},
journal = {Nature},
year = {2010},
volume = {467},
number = {7315},
pages = {604--607},
month = sep
}

@article{Doksani:2013dl,
author = {Doksani, Ylli and Wu, John Y and de Lange, Titia and Zhuang, Xiaowei},
title = {{Super-Resolution Fluorescence Imaging of Telomeres Reveals TRF2- Dependent T-loop Formation}},
journal = {Cell},
year = {2013},
volume = {155},
number = {2},
pages = {345--356},
month = oct
}

@article{Pinaud:2009id,
author = {Pinaud, Fabien and Michalet, Xavier and Iyer, Gopal and Margeat, Emmanuel and Moore, Hsiao-Ping and Weiss, Shimon},
title = {{Dynamic Partitioning of a Glycosyl-Phosphatidylinositol-Anchored Protein in Glycosphingolipid-Rich Microdomains Imaged by Single-Quantum Dot Tracking}},
journal = {Traffic},
year = {2009},
volume = {10},
number = {6},
pages = {691--712},
month = jun
}

@article{Doksani:2013dla,
author = {Doksani, Ylli and Wu, John Y and de Lange, Titia and Zhuang, Xiaowei},
title = {{Super-Resolution Fluorescence Imaging of Telomeres Reveals TRF2- Dependent T-loop Formation}},
journal = {Cell},
year = {2013},
volume = {155},
number = {2},
pages = {345--356},
month = oct
}

@article{Sinha:2012eha,
author = {Sinha, Sunita and Redfield, Rosemary Jeanne},
title = {{Natural DNA Uptake by Escherichia coli}},
journal = {PLoS One},
year = {2012},
volume = {7},
number = {4},
pages = {e35620},
month = apr
}

@article{Anonymous:JEmrOB4-,
title = {{Lateral gene transfer and the nature of bacterial innovation}},
year = {2014},
pages = {1--6},
month = jan
}

@article{GarcillanBarcia:2011ki,
author = {Garcill{\'a}n-Barcia, Maria Pilar and Alvarado, Andr{\'e}s and de la Cruz, Fernando},
title = {{Identification of bacterial plasmids based on mobility and plasmid population biology}},
journal = {FEMS Microbiology Reviews},
year = {2011},
volume = {35},
number = {5},
pages = {936--956},
month = jul
}

@article{Lang:2012df,
author = {Lang, Andrew S and Zhaxybayeva, Olga and Beatty, J Thomas},
title = {{Gene transfer agents: phage-like elements of genetic exchange}},
journal = {Nature Reviews Microbiology},
year = {2012},
volume = {10},
number = {7},
pages = {472--482},
month = jun
}

@article{Anonymous:WvjBKLhu,
title = {{Evidence for lateral genetransfer between Archaea andBacteria from genome sequence ofThermotoga maritima}},
year = {1999},
pages = {1--16},
month = may
}

@article{Anonymous:Tr-2VJEZ,
title = {{Individual-based modelling of biofilms}},
year = {1910},
pages = {1--16},
month = nov
}

@article{Michalet:2012doa,
author = {Michalet, Xavier and Berglund, Andrew J},
title = {{Optimal diffusion coefficient estimation in single-particle tracking}},
journal = {Physical Review E},
year = {2012},
volume = {85},
number = {6},
pages = {061916},
month = jun
}

@article{Ben:2013gta,
author = {Ben, J and Zhang, Y and Zhou, R and Zhang, H and Zhu, X and Li, X and Li, N and Zhou, X and Bai, H and Yang, Q and Li, D and Xu, Y and Chen, Q},
title = {{Major Vault Protein Regulates Class A Scavenger Receptor-mediated Tumor Necrosis Factor-~ Synthesis and Apoptosis in Macrophages}},
journal = {Journal of Biological Chemistry},
year = {2013},
volume = {288},
number = {27},
pages = {20076--20084},
month = jul
}

@article{Palchevskiy:2006kq,
author = {Palchevskiy, V and Finkel, S E},
title = {{Escherichia coli Competence Gene Homologs Are Essential for Competitive Fitness and the Use of DNA as a Nutrient}},
journal = {Journal of Bacteriology},
year = {2006},
volume = {188},
number = {11},
pages = {3902--3910},
month = may
}

@article{BondyDenomy:2014hc,
author = {Bondy-Denomy, Joseph and Davidson, Alan R},
title = {{To acquire or resist: the complex biological effects of CRISPR{\textendash}Cas systems}},
journal = {Trends in Microbiology},
year = {2014},
volume = {22},
number = {4},
pages = {218--225},
month = apr
}

@book{Hirsch:2009to,
author = {Hirsch, Ann M},
title = {{Brief history of the discovery of nitrogen-fixing organisms}},
year = {2009}
}

@article{Gyles:2014jea,
author = {Gyles, C and Boerlin, P},
title = {{Horizontally transferred genetic elements and their role in pathogenesis of bacterial disease.}},
journal = {Veterinary Pathology},
year = {2014},
volume = {51},
number = {2},
pages = {328--340},
month = mar
}

@article{MacKay:2014bp,
author = {MacKay, J Andrew and Shi, Pu and Gustafson, Joshua},
title = {{Genetically engineered nanocarriers for drug delivery}},
journal = {International Journal of Nanomedicine},
year = {2014},
pages = {1617},
month = mar
}

@article{Vollmar:2009cu,
author = {Vollmar, F and Hacker, C and Zahedi, R P and Sickmann, A and Ewald, A and Scheer, U and Dabauvalle, M C},
title = {{Assembly of nuclear pore complexes mediated by major vault protein}},
journal = {Journal of Cell Science},
year = {2009},
volume = {122},
number = {6},
pages = {780--786},
month = mar
}

@article{Kussell:2013ie,
author = {Kussell, Edo},
title = {{Evolution in Microbes}},
journal = {Annual Review of Biophysics},
year = {2013},
volume = {42},
number = {1},
pages = {493--514},
month = may
}

@article{Ho:1911wf,
author = {Ho, Thanh Quoc and Zhong, Zhenping and Aung, Stefan and Pogliano, Joe},
title = {{Compatible bacterial plasmids are targeted to independent cellular locations in \emph{Escherichia coli }}},
journal = {European Molecular Biology Organization Journal},
year = {1911},
pages = {1864--1872},
month = jan
}

@article{Michel:2004tm,
author = {Michel, B and Niaudet, B and Ehrlich, S D},
title = {{Intramolecular recombination during plasmid transformation of \emph{Bacillus subtilis }competent cells}},
year = {2004},
pages = {1--7},
month = jun
}

@article{Sinha:2012eh,
author = {Sinha, Sunita and Redfield, Rosemary Jeanne},
title = {{Natural DNA Uptake by Escherichia coli}},
journal = {PLoS One},
year = {2012},
volume = {7},
number = {4},
pages = {e35620},
month = apr
}

@article{BondyDenomy:2013ha,
author = {Bondy-Denomy, Joe and Pawluk, April and Maxwell, Karen L and Davidson, Alan R},
title = {{Bacteriophage genes that inactivate the CRISPR/Cas bacterial immune system}},
journal = {Nature},
year = {2013},
volume = {493},
number = {7432},
pages = {429--432},
month = jan
}

@article{Mahajan:2010to,
author = {Mahajan, Sanjoy},
title = {{Street-Fighting Mathematics}},
year = {2010},
pages = {1--153},
month = mar
}

@article{Roth:1989vz,
author = {Roth, L E and Stacey, G},
title = {{Cytoplasmic membrane systems involved in bacterium release into soybean nodule cells as studied with two Bradyrhizobium japonicum mutant strains.
}},
journal = {European Journal of Cell Biology},
year = {1989},
volume = {49},
number = {1},
pages = {24--32},
month = jun
}

@article{Filee:2008gd,
author = {Fil{\'e}e, Jonathan and Chandler, Michael},
title = {{Convergent mechanisms of genome evolution of large and giant DNA viruses}},
journal = {Research in Microbiology},
year = {2008},
volume = {159},
number = {5},
pages = {325--331},
month = jun
}

@article{Nasvall:2012gb,
author = {Nasvall, J and Sun, L and Roth, J R and Andersson, D I},
title = {{Real-Time Evolution of New Genes by Innovation, Amplification, and Divergence}},
journal = {Science},
year = {2012},
volume = {338},
number = {6105},
pages = {384--387},
month = oct
}

@article{Stracy:2014cl,
author = {Stracy, Mathew and Uphoff, Stephan and de Leon, Federico Garza and Kapanidis, Achillefs N},
title = {{In vivo single-molecule imaging of bacterial DNA replication, transcription, and repair}},
journal = {Febs Letters},
year = {2014},
volume = {588},
number = {19},
pages = {3585--3594},
month = oct
}

@article{Helal:1988tq,
author = {Helal, Helal M and Sauerbeck, Dieter},
title = {{Carbon turnover in the rhizosphere}},
journal = {Zeitschrift f{\"u}r Pflanzenern{\"a}hrung und Bodenkunde},
year = {1988},
volume = {152},
number = {2},
pages = {211--216}
}

@article{Kloesges:2011hxa,
author = {Kloesges, T and Popa, O and Martin, W and Dagan, T},
title = {{Networks of Gene Sharing among 329 Proteobacterial Genomes Reveal Differences in Lateral Gene Transfer Frequency at Different Phylogenetic Depths}},
journal = {Molecular Biology and Evolution},
year = {2011},
volume = {28},
number = {2},
pages = {1057--1074},
month = jan
}

@article{Youngren:2000hga,
author = {Youngren, B and Radnedge, L and Hu, P and Garcia, E and Austin, S},
title = {{A Plasmid Partition System of the P1-P7par Family from the pMT1 Virulence Plasmid of Yersinia pestis}},
journal = {Journal of Bacteriology},
year = {2000},
volume = {182},
number = {14},
pages = {3924--3928},
month = jul
}

@article{a:2012vr,
author = {{a1632647}},
title = {{Genetic analysis of symbiosome formation}},
year = {2012},
pages = {1--148},
month = aug
}

@article{Dubnau:1999vq,
author = {Dubnau, David},
title = {{DNA Uptake in Bacteria}},
journal = {Annual Review of Microbiology},
year = {1999},
volume = {53},
pages = {217--244}
}

@article{Szostak:2011cl,
author = {Szostak, J W},
title = {{An optimal degree of physical and chemical heterogeneity for the origin of life?}},
journal = {Philosophical Transactions of the Royal Society B: Biological Sciences},
year = {2011},
volume = {366},
number = {1580},
pages = {2894--2901},
month = sep
}

@article{Gomez:2005dv,
author = {Gomez, A and Galic, T and Mariet, J F and Matic, I and Radman, M and Petit, M A},
title = {{Creating New Genes by Plasmid Recombination in Escherichia coli and Bacillus subtilis}},
journal = {Applied and Environmental Microbiology},
year = {2005},
volume = {71},
number = {11},
pages = {7607--7609},
month = nov
}

@article{Freese:2014cp,
author = {Freese, Peter D and Korolev, Kirill S and Jim{\'e}nez, Jos{\'e} I and Chen, Irene A},
title = {{Genetic Drift Suppresses Bacterial Conjugation in Spatially Structured Populations}},
journal = {Biophysical Journal},
year = {2014},
volume = {106},
number = {4},
pages = {944--954},
month = feb
}

@article{Mergaert:2006wi,
author = {Mergaert, Peter and Uchiumi, Toshiki and Alunni, Benoit and Evanno, Gw{\'e}na{\"e}lle and Cheron, Ang{\'e}lique and Catrice, Oliver and Mausset, Anne-Elisabeth and Barloy-Hubler, Fr{\'e}d{\'e}rique and Balibert, Frances and Kondorosi, Adam and Kondorosi, Eva},
title = {{Eukaryotic control on bacterial cell cycle and differentiation in the Rhizobium{\textendash}legume symbiosis}},
journal = {Proceedings of the National Academy of Sciences},
year = {2006},
volume = {103},
number = {13},
pages = {5230--5235},
month = mar
}

@article{Vieira:2005jw,
author = {Vieira, F C S and Nahas, E},
title = {{Comparison of microbial numbers in soils by using various culture media and temperatures}},
journal = {Microbiological Research},
year = {2005},
volume = {160},
number = {2},
pages = {197--202},
month = apr
}

@article{Sikora:2011fk,
author = {Sikora, Per and Chawade, Aakash and Larsson, Mikael and Olsson, Johanna and Olsson, Olof},
title = {{Mutagenesis as a Tool in Plant Genetics, Functional Genomics, and Breeding}},
journal = {International Journal of Plant Genomics},
year = {2011},
volume = {2011},
number = {6},
pages = {1--13}
}

@article{Wu:2011hva,
author = {Wu, M and Zampini, M and Bussiek, M and Hoischen, C and Diekmann, S and Hayes, F},
title = {{Segrosome assembly at the pliable parH centromere}},
journal = {Nucleic Acids Research},
year = {2011},
volume = {39},
number = {12},
pages = {5082--5097},
month = jul
}

@article{Truchet:1991tu,
author = {Truchet, Georges and Roche, Philippe and Lerouge, Patrice and Vasse, Jacques and Camut, Sylvie and de Billy, Fran{\c c}oise and Prom{\'e}, Jean-Claude and D{\'e}narie, Jean},
title = {{Sulphated lipo-oligosaccharide signals of \emph{Rhizobium meliloti} elicit root nodule organogenesis in alfalfa}},
journal = {Nature},
year = {1991},
volume = {351},
pages = {670--673}
}

@article{Anonymous:2013jn,
title = {{Localizing transcripts to single cells suggests animportant role of uncultured deltaproteobacteriain the termite gut hydrogen economy}},
year = {2013},
pages = {1--55},
month = sep
}

@article{Anonymous:tKFtzRXb,
title = {{NIH Public Access}},
year = {2013},
pages = {1--29},
month = nov
}

@article{Abrevaya:2011bt,
author = {Abrevaya, Ximena C and Paulino-Lima, Ivan G and Galante, Douglas and Rodrigues, Fabio and Mauas, Pablo J D and Cort{\'o}n, Eduardo and Lage, Claudia de Alencar Santos},
title = {{Comparative Survival Analysis of Deinococcus radioduransand the Haloarchaea Natrialba magadiiand Haloferax volcaniiExposed to Vacuum Ultraviolet Irradiation}},
journal = {Astrobiology},
year = {2011},
volume = {11},
number = {10},
pages = {1034--1040},
month = dec
}

@article{Udvardi:1988wm,
author = {Udvardi, Michael K and Price, G Dean and Gresshoff, Peter M and Day, David A},
title = {{A dicarboxylate transporter on the peribacteroid membrane of soybean nodules}},
journal = {Febs Letters},
year = {1988},
volume = {231},
number = {1},
pages = {36--40}
}

@article{Pennini:2010gk,
author = {Pennini, F and Plastino, A},
title = {{Diverging Fano factors}},
journal = {Journal of Physics: Conference Series},
year = {2010},
volume = {246},
pages = {012030},
month = sep
}

@article{Smith:2007exa,
author = {Smith, David M and Chang, Shih-Chung and Park, Soyeon and Finley, Daniel and Cheng, Yifan and Goldberg, Alfred L},
title = {{Docking of the Proteasomal ATPases' Carboxyl Termini in the 20S Proteasome's $\alpha$ Ring Opens the Gate for Substrate Entry}},
journal = {Molecular Cell},
year = {2007},
volume = {27},
number = {5},
pages = {731--744},
month = sep
}

@article{Jiang:2013dq,
author = {Jiang, Wenyan and Bikard, David and Cox, David and Zhang, Feng and Marraffini, Luciano A},
title = {{RNA-guided editing of bacterial genomes using CRISPR-Cas systems}},
journal = {Nature Biotechnology},
year = {2013},
volume = {31},
number = {3},
pages = {233--239},
month = jan
}

@article{Seitz:2014cs,
author = {Seitz, Patrick and Pezeshgi Modarres, Hassan and Borgeaud, Sandrine and Bulushev, Roman D and Steinbock, Lorenz J and Radenovic, Aleksandra and Dal Peraro, Matteo and Blokesch, Melanie},
title = {{ComEA Is Essential for the Transfer of External DNA into the Periplasm in Naturally Transformable Vibrio cholerae Cells}},
journal = {PLoS Genetics},
year = {2014},
volume = {10},
number = {1},
pages = {e1004066},
month = jan
}

@article{Pinaud:2009ida,
author = {Pinaud, Fabien and Michalet, Xavier and Iyer, Gopal and Margeat, Emmanuel and Moore, Hsiao-Ping and Weiss, Shimon},
title = {{Dynamic Partitioning of a Glycosyl-Phosphatidylinositol-Anchored Protein in Glycosphingolipid-Rich Microdomains Imaged by Single-Quantum Dot Tracking}},
journal = {Traffic},
year = {2009},
volume = {10},
number = {6},
pages = {691--712},
month = jun
}

@article{Bignell:2001ti,
author = {Bignell, Colin and Thomas, Christopher M},
title = {{The bacterial ParA-ParB partitioning proteins}},
journal = {Journal of Biotechnology},
year = {2001},
pages = {1--34},
month = aug
}

@article{Rabl:2008gda,
author = {Rabl, Julius and Smith, David M and Yu, Yadong and Chang, Shih-Chung and Goldberg, Alfred L and Cheng, Yifan},
title = {{Mechanism of Gate Opening in the 20S Proteasome by the Proteasomal ATPases}},
journal = {Molecular Cell},
year = {2008},
volume = {30},
number = {3},
pages = {360--368},
month = may
}

@article{Heinlein:2004fa,
author = {Heinlein, Manfred and Epel, Bernard L},
title = {{Macromolecular Transport and Signaling Through Plasmodesmata}},
journal = {International Review of Cytology},
year = {2004},
volume = {235},
pages = {93--164}
}

@article{Tang:2013kj,
author = {Tang, Lone and Schramm, Andreas and Neu, Thomas R and Revsbech, Niels P and Meyer, Rikke L},
title = {{Extracellular DNA in adhesion and biofilm formation of four environmental isolates: a quantitative study}},
journal = {FEMS Microbiology Ecology},
year = {2013},
volume = {86},
number = {3},
pages = {394--403},
month = jul
}

@article{comp:2000wz,
author = {{comp4}},
title = {{The Yeast Nuclear Pore Complex: Composition, Architecture, and Transport Mechanism}},
year = {2000},
pages = {1--17},
month = feb
}

@article{Meric:2015br,
author = {Meric, G and Miragaia, M and de Been, M and Yahara, K and Pascoe, B and Mageiros, L and Mikhail, J and Harris, L G and Wilkinson, T S and Rolo, J and Lamble, S and Bray, J E and Jolley, K A and Hanage, W P and Bowden, R and Maiden, M C J and Mack, D and de Lencastre, H and Feil, E J and Corander, J and Sheppard, S K},
title = {{Ecological overlap and horizontal gene transfer in \emph{Staphylococcus aureus} and \emph{Staphylococcus epidermidis}}},
journal = {Genome Biology and Evolution},
year = {2015},
pages = {1--41},
month = apr
}

@article{Doolittle:1990uo,
author = {Doolittle, R F and Feng, D F and Anderson, K L and Alberro, M R},
title = {{A naturally occurring horizontal gene transfer from a eukaryote to a prokaryote}},
journal = {Journal of Molecular Evolution},
year = {1990},
volume = {31},
number = {5},
pages = {383--388},
month = nov
}

@article{Derman:2008dka,
author = {Derman, Alan I and Lim-Fong, Grace and Pogliano, Joe},
title = {{Intracellular mobility of plasmid DNA is limited by the ParA family of partitioning systems}},
journal = {Molecular Microbiology},
year = {2008},
volume = {67},
number = {5},
pages = {935--946},
month = mar
}

@article{Valverde:1999vn,
author = {Valverde, Claudio and Wall, Luis Gabriel},
title = {{Time course of nodule development in the \emph{Discaria trinervis }(Rhamnaceae) {\textendash} \emph{Frankia }symbiosis}},
journal = {New Phytologist},
year = {1999},
pages = {345--354},
month = feb
}

@article{Anonymous:SnOEqxvO,
title = {{Plasmid incompatibility.}},
year = {2005},
pages = {1--16},
month = oct
}

@article{Vitousek:2013kf,
author = {Vitousek, P M and Menge, D N L and Reed, S C and Cleveland, C C},
title = {{Biological nitrogen fixation: rates, patterns and ecological controls in terrestrial ecosystems}},
journal = {Philosophical Transactions of the Royal Society B: Biological Sciences},
year = {2013},
volume = {368},
number = {1621},
pages = {20130119--20130119},
month = may
}

@article{England:2013eda,
author = {England, Jeremy L},
title = {{Statistical physics of self-replication}},
journal = {The Journal of Chemical Physics},
year = {2013},
volume = {139},
number = {12},
pages = {121923}
}

@article{Anonymous:74SJgkkb,
title = {{Trevors_1998_Review Bacterial population genetics}},
year = {1998},
pages = {1--5},
month = jan
}

@article{Chuang:2010ey,
author = {Chuang, John S and Rivoire, Olivier and Leibler, Stanislas},
title = {{Cooperation and Hamilton's rule in a simple synthetic microbial system}},
journal = {Molecular Systems Biology},
year = {2010},
volume = {6},
month = aug
}

@article{Penades:2015gw,
author = {Penad{\'e}s, Jos{\'e} R and Chen, John and Quiles-Puchalt, Nuria and Carpena, Nuria and Novick, Richard P},
title = {{Bacteriophage-mediated spread of bacterial virulence genes}},
journal = {Current Opinion in Microbiology},
year = {2015},
volume = {23},
pages = {171--178},
month = feb
}

@article{Brewster:2012jw,
author = {Brewster, Robert C and Jones, Daniel L and Phillips, Rob},
title = {{Tuning Promoter Strength through RNA Polymerase Binding Site Design in Escherichia coli}},
journal = {PLoS Computational Biology},
year = {2012},
volume = {8},
number = {12},
pages = {e1002811--10},
month = dec
}

@article{Anonymous:2010jla,
title = {{201002565 1..10}},
year = {2010},
pages = {1--10},
month = apr
}

@article{Solheim:2013bi,
author = {Solheim, H T and Sekse, C and Urdahl, A M and Wasteson, Y and Nesse, L L},
title = {{Biofilm as an Environment for Dissemination of stx Genes by Transduction}},
journal = {Applied and Environmental Microbiology},
year = {2013},
volume = {79},
number = {3},
pages = {896--900},
month = jan
}

@article{Suzaki:2012fn,
author = {Suzaki, T and Yano, K and Ito, M and Umehara, Y and Suganuma, N and Kawaguchi, M},
title = {{Positive and negative regulation of cortical cell division during root nodule development in Lotus japonicus is accompanied by auxin response}},
journal = {Development},
year = {2012},
volume = {139},
number = {21},
pages = {3997--4006},
month = oct
}

@article{Meibom:2005js,
author = {Meibom, K L},
title = {{Chitin Induces Natural Competence in Vibrio cholerae}},
journal = {Science},
year = {2005},
volume = {310},
number = {5755},
pages = {1824--1827},
month = dec
}

@article{Barilla:2003kka,
author = {Barill{\`a}, Daniela and Hayes, Finbarr},
title = {{Architecture of the ParF{\textbullet}ParG protein complex involved in prokaryotic DNA segregation}},
journal = {Molecular Microbiology},
year = {2003},
volume = {49},
number = {2},
pages = {487--499},
month = jun
}

@article{Harris:2010tq,
author = {{Harris}},
title = {{DNA subsistence, natural competency, and horizontal gene transfer in marine and soil organisms in the environment}},
year = {2010},
pages = {1--20},
month = jul
}

@article{Parry:2014ffa,
author = {Parry, Bradley R and Surovtsev, Ivan V and Cabeen, Matthew T and O{\textquoteright}Hern, Corey S and Dufresne, Eric R and Jacobs-Wagner, Christine},
title = {{The Bacterial Cytoplasm Has Glass-like Properties and Is Fluidized by Metabolic Activity}},
journal = {Cell},
year = {2014},
volume = {156},
number = {1-2},
pages = {183--194},
month = jan
}

@article{Stewart:2005hya,
author = {Stewart, Eric J and Madden, Richard and Paul, Gregory and Taddei, Fran{\c c}ois},
title = {{Aging and Death in an Organism That Reproduces by Morphologically Symmetric Division}},
journal = {PLoS Biology},
year = {2005},
volume = {3},
number = {2},
pages = {e45}
}

@article{Kloesges:2011hx,
author = {Kloesges, T and Popa, O and Martin, W and Dagan, T},
title = {{Networks of Gene Sharing among 329 Proteobacterial Genomes Reveal Differences in Lateral Gene Transfer Frequency at Different Phylogenetic Depths}},
journal = {Molecular Biology and Evolution},
year = {2011},
volume = {28},
number = {2},
pages = {1057--1074},
month = jan
}

@article{Zinder:1952uga,
author = {Zinder, Norton D and Lederberg, Joshua},
title = {{Genetic Exchange in Salmonella}},
journal = {Journal of Bacteriology},
year = {1952},
volume = {64},
number = {5},
pages = {679--699}
}

@article{Grafstein:1983wv,
author = {Grafstein, Daniel},
title = {{Sterochemical Origins of The Genetic Code}},
journal = {Journal of Theoretical Biology},
year = {1983},
pages = {157--174},
month = jun
}

@article{Anonymous:b0GAukZX,
title = {{Identification of RNA Binding Proteins by UV Cross-Linking}},
year = {2003},
pages = {1--10},
month = nov
}

@article{Marraffini:2008vm,
author = {Marraffini, Luciano A and Sontheimer, Erik J},
title = {{CRISPR interference limits horizontal gene transfer in \emph{Staphylococci} by targeting DNA}},
journal = {Science},
year = {2008},
volume = {322},
pages = {1843--1845},
month = dec
}

@article{Berezovsky:2005td,
author = {Berezovsky, Igor N and Shaknovich, Eugene I},
title = {{Physics and evolution of thermophilic adaptation}},
year = {2005},
pages = {1--6},
month = aug
}

@article{Ori:2013jr,
author = {Ori, A and Banterle, N and Iskar, M and Andres-Pons, A and Escher, C and Khanh Bui, H and Sparks, L and Solis-Mezarino, V and Rinner, O and Bork, P and Lemke, E A and Beck, M},
title = {{Cell type-specific nuclear pores: a case in point for context-dependent stoichiometry of molecular machines}},
journal = {Molecular Systems Biology},
year = {2013},
volume = {9},
number = {1},
pages = {648--648},
month = jan
}

@article{Stewart:2012ddb,
author = {Stewart, E J},
title = {{Growing Unculturable Bacteria}},
journal = {Journal of Bacteriology},
year = {2012},
volume = {194},
number = {16},
pages = {4151--4160},
month = jul
}

@article{Reinhard:2014khc,
author = {Reinhard, F and van der Meer, J R},
title = {{Life History Analysis of Integrative and Conjugative Element Activation in Growing Microcolonies of Pseudomonas}},
journal = {Journal of Bacteriology},
year = {2014},
volume = {196},
number = {7},
pages = {1425--1434},
month = mar
}

@article{Burrus:2004ca,
author = {Burrus, Vincent and Waldor, Matthew K},
title = {{Shaping bacterial genomes with integrative and conjugative elements}},
journal = {Research in Microbiology},
year = {2004},
volume = {155},
number = {5},
pages = {376--386},
month = jun
}

@article{Schumacher:2005fa,
author = {Schumacher, Maria A and Funnell, Barbara E},
title = {{Structures of ParB bound to DNA reveal mechanism of partition complex formation}},
journal = {Nature},
year = {2005},
volume = {438},
number = {7067},
pages = {516--519},
month = nov
}

@book{Gogarten:2009eq,
editor = {Gogarten, Maria Boekels and Gogarten, Johann Peter and Olendzenski, Lorraine C},
title = {{Horizontal Gene Transfer}},
publisher = {Humana Press},
year = {2009},
volume = {532},
series = {Methods in Molecular Biology},
address = {Totowa, NJ}
}

@article{Samson:2013hu,
author = {Samson, Julie E and Magad{\'a}n, Alfonso H and Sabri, Mourad and Moineau, Sylvain},
title = {{Revenge of the phages: defeating bacterial defences}},
journal = {Nature Publishing Group},
year = {2013},
volume = {11},
number = {10},
pages = {675--687},
month = aug
}

@article{Luo:2005hm,
author = {Luo, H and Wan, K and Wang, H H},
title = {{High-Frequency Conjugation System Facilitates Biofilm Formation and pAM~1 Transmission by Lactococcus lactis}},
journal = {Applied and Environmental Microbiology},
year = {2005},
volume = {71},
number = {6},
pages = {2970--2978},
month = jun
}

@article{Li:2014baa,
author = {Li, Gene-Wei and Burkhardt, David and Gross, Carol and Weissman, Jonathan S},
title = {{Quantifying Absolute Protein Synthesis Rates Reveals Principles Underlying Allocation of Cellular Resources}},
journal = {Cell},
year = {2014},
volume = {157},
number = {3},
pages = {624--635},
month = apr
}

@article{Williamson:2008fc,
author = {Williamson, Shannon J and Rusch, Douglas B and Yooseph, Shibu and Halpern, Aaron L and Heidelberg, Karla B and Glass, John I and Andrews-Pfannkoch, Cynthia and Fadrosh, Douglas and Miller, Christopher S and Sutton, Granger and Frazier, Marvin and Venter, J Craig},
title = {{The Sorcerer II Global Ocean Sampling Expedition: Metagenomic Characterization of Viruses within Aquatic Microbial Samples}},
journal = {PLoS One},
year = {2008},
volume = {3},
number = {1},
pages = {e1456--14},
month = jan
}

@article{Denarie:1996ts,
author = {D{\'e}narie, Jean and Debell{\'e}, Fr{\'e}d{\'e}ric},
title = {{Rhizobium lipo-chitooligosaccharide nodulation factors: Signaling molecules mediating recognition and morphogenesis}},
journal = {Annual Review of Biochemistry},
year = {1996},
pages = {503--535}
}

@article{Kumar:2014fg,
author = {Kumar, H and Kasho, V and Smirnova, I and Finer-Moore, J S and Kaback, H R and Stroud, R M},
title = {{Structure of sugar-bound LacY}},
journal = {Proceedings of the National Academy of Sciences},
year = {2014},
volume = {111},
number = {5},
pages = {1784--1788},
month = feb
}

@article{Nielsen:2007ct,
author = {Nielsen, H J and Youngren, B and Hansen, F G and Austin, S},
title = {{Dynamics of \emph{Escherichia coli} chromosome segregation during multifork replication}},
journal = {Journal of Bacteriology},
year = {2007},
volume = {189},
number = {23},
pages = {8660--8666},
month = nov
}

@article{DeGelder:2004fla,
author = {De Gelder, L},
title = {{Combining Mathematical Models and Statistical Methods to Understand and Predict the Dynamics of Antibiotic-Sensitive Mutants in a Population of Resistant Bacteria During Experimental Evolution}},
journal = {Genetics},
year = {2004},
volume = {168},
number = {3},
pages = {1131--1144},
month = nov
}

@article{Lodwig:2005db,
author = {Lodwig, E M and Leonard, M and Marroqui, S and Wheeler, T R and Findlay, K and Downie, J A and Poole, P S},
title = {{Role of Polyhydroxybutyrate and Glycogen as Carbon Storage Compounds in Pea and Bean Bacteroids}},
journal = {Molecular Plant-Microbe Interactions},
year = {2005},
volume = {18},
number = {1},
pages = {67--74},
month = jan
}

@article{Beckwith:2013ds,
author = {Beckwith, Robyn and Estrin, Eric and Worden, Evan J and Martin, Andreas},
title = {{Reconstitution of the 26S proteasome reveals functional asymmetries in its AAA+ unfoldase}},
journal = {Nature Publishing Group},
year = {2013},
volume = {20},
number = {10},
pages = {1164--1172},
month = sep
}

@article{Anonymous:wRusodQE,
title = {{Structure of the vault, a ubiquitous cellular component}},
year = {1999},
pages = {1--9},
month = mar
}

@article{Stewart:2005hy,
author = {Stewart, Eric J and Madden, Richard and Paul, Gregory and Taddei, Fran{\c c}ois},
title = {{Aging and Death in an Organism That Reproduces by Morphologically Symmetric Division}},
journal = {PLoS Biology},
year = {2005},
volume = {3},
number = {2},
pages = {e45}
}

@article{Li:2014bab,
author = {Li, Gene-Wei and Burkhardt, David and Gross, Carol and Weissman, Jonathan S},
title = {{Quantifying Absolute Protein Synthesis Rates Reveals Principles Underlying Allocation of Cellular Resources}},
journal = {Cell},
year = {2014},
volume = {157},
number = {3},
pages = {624--635},
month = apr
}

@article{Halbleib:2000tx,
author = {Halbleib, Cale M and Ludden, Paul W},
title = {{Regulation of biological nitrogen fixation}},
journal = {Journal of Nutrition},
year = {2000},
volume = {130},
number = {5},
pages = {1081--1084},
month = apr
}

@article{Maimon:2012eda,
author = {Maimon, Tal and Elad, Nadav and Dahan, Idit and Medalia, Ohad},
title = {{The Human Nuclear Pore Complex as Revealed by Cryo-Electron Tomography}},
journal = {Structure/Folding and Design},
year = {2012},
volume = {20},
number = {6},
pages = {998--1006},
month = jun
}

@article{Ravenhall:2015hh,
author = {Ravenhall, Matt and {\v{S}}kunca, Nives and Lassalle, Florent and Dessimoz, Christophe},
title = {{Inferring Horizontal Gene Transfer}},
journal = {PLoS Computational Biology},
year = {2015},
volume = {11},
number = {5},
pages = {e1004095--16},
month = may
}

@article{Chandler:2005vx,
author = {Chandler, David},
title = {{Introduction To Modern Statistical Mechanics By D Chandler }},
year = {2005},
pages = {1--286},
month = feb
}

@article{Li:2014bac,
author = {Li, Gene-Wei and Burkhardt, David and Gross, Carol and Weissman, Jonathan S},
title = {{Quantifying Absolute Protein Synthesis Rates Reveals Principles Underlying Allocation of Cellular Resources}},
journal = {Cell},
year = {2014},
volume = {157},
number = {3},
pages = {624--635},
month = apr
}

@article{Ringgaard:2009uh,
author = {Ringgaard, Simon and van Zon, Jeroen and Howard, Martin and Gerdes, Kenn},
title = {{Movement and equipositioning of plasmids by ParA filament disassembly}},
journal = {Proceedings of the National Academy of Sciences},
year = {2009},
pages = {19369--19374},
month = nov
}

@article{Hershey:1952,
author = {Hershey, Alfred D and Chase, Martha},
title = {{Independent Functions of Viral Protein and Nucleic Acid in Growth of  Bacteriophage}},
journal = {Journal of General Physiology},
year = {1952},
volume = {36},
number = {1},
pages = {39--56}
}

@article{Vestigian:2006va,
author = {Vestigian, Kalin and Woese, Carl and Goldenfeld, Nigel},
title = {{Collective evolution and the genetic code}},
journal = {Proceedings of the National Academy of Sciences},
year = {2006},
pages = {10696--10701},
month = jun
}

@article{Mrazek:2014ez,
author = {Mrazek, Jan and Toso, Daniel and Ryazantsev, Sergey and Zhang, Xing and Zhou, Z Hong and Fernandez, Beatriz Campo and Kickhoefer, Valerie A and Rome, Leonard H},
title = {{Polyribosomes Are Molecular 3D Nanoprinters That Orchestrate the Assembly of Vault Particles}},
journal = {ACS Nano},
year = {2014},
volume = {8},
number = {11},
pages = {11552--11559},
month = nov
}

@article{Ortiz:2010du,
author = {Ortiz, J O and Brandt, F and Matias, V R F and Sennels, L and Rappsilber, J and Scheres, S H W and Eibauer, M and Hartl, F U and Baumeister, W},
title = {{Structure of hibernating ribosomes studied by cryoelectron tomography in vitro and in situ}},
journal = {The Journal of Cell Biology},
year = {2010},
volume = {190},
number = {4},
pages = {613--621},
month = aug
}

@article{Knoop:2014vb,
author = {Knie, Nils and Polsakiewicz, Monika and Knoop, Volker},
title = {{Two mitochondrial tRNA genes unique to lycophytes but absent in other land plants likely originated from chlamydial bacteria}},
journal = {Molecular Biology and Evolution},
year = {2014},
pages = {1--21},
month = nov
}

@article{Weeks:2012gha,
author = {Weeks, E R},
title = {{Melting Colloidal Crystals from the Inside Out}},
journal = {Science},
year = {2012},
volume = {338},
number = {6103},
pages = {55--56},
month = oct
}

@article{Shebelut:2010ic,
author = {Shebelut, Conrad W and Guberman, Jonathan M and van Teeffelen, Sven and Yakhnina, Anastasiya A and Gitai, Zemer},
title = {{\emph{Caulobacter} chromosome segregation is an ordered multistep process}},
journal = {Proceedings of the National Academy of Sciences},
year = {2010},
pages = {14194--14198},
month = jul
}

@article{FernandezLopez:2014dza,
author = {Fernandez-Lopez, Raul and del Campo, Irene and Revilla, Carlos and Cuevas, Ana and de la Cruz, Fernando},
title = {{Negative Feedback and Transcriptional Overshooting in a Regulatory Network for Horizontal Gene Transfer}},
journal = {PLoS Genetics},
year = {2014},
volume = {10},
number = {2},
pages = {e1004171},
month = feb
}

@article{Zakharova:2014gra,
author = {Zakharova, Kristina and Marzban, Gorji and de Vera, Jean-Pierre and Lorek, Andreas and Sterflinger, Katja},
title = {{Protein patterns of black fungi under simulated Mars-like conditions}},
journal = {Scientific Reports},
year = {2014},
volume = {4},
month = may
}

@article{Barilla:2003kk,
author = {Barill{\`a}, Daniela and Hayes, Finbarr},
title = {{Architecture of the ParF{\textbullet}ParG protein complex involved in prokaryotic DNA segregation}},
journal = {Molecular Microbiology},
year = {2003},
volume = {49},
number = {2},
pages = {487--499},
month = jun
}

@article{Gage:2004eea,
author = {Gage, Daniel J},
title = {{Infection and Invasion of Roots by Symbiotic, Nitrogen-Fixing Rhizobia during Nodulation of Temperate Legumes}},
journal = {Microbiology and Molecular Biology Reviews},
year = {2004},
volume = {68},
number = {2},
pages = {280--300},
month = jun
}

@article{FernandezLopez:2014dz,
author = {Fernandez-Lopez, Raul and del Campo, Irene and Revilla, Carlos and Cuevas, Ana and de la Cruz, Fernando},
title = {{Negative Feedback and Transcriptional Overshooting in a Regulatory Network for Horizontal Gene Transfer}},
journal = {PLoS Genetics},
year = {2014},
volume = {10},
number = {2},
pages = {e1004171},
month = feb
}

@article{Ng:2014jha,
author = {Ng, Terry Fei Fan and Chen, Li-Fang and Zhou, Yanchen and Shapiro, Beth and Stiller, Mathias and Heintzman, Peter D and Varsani, Arvind and Kondov, Nikola O and Wong, Walt and Deng, Xutao and Andrews, Thomas D and Moorman, Brian J and Meulendyk, Thomas and MacKay, Glen and Gilbertson, Robert L and Delwart, Eric},
title = {{Preservation of viral genomes in 700-y-old caribou feces from a subarctic ice patch}},
journal = {Proceedings of the National Academy of Sciences},
year = {2014},
volume = {111},
number = {47},
pages = {16842--16847},
month = nov
}

@article{Burmolle:2014dya,
author = {Burm{\o}lle, Mette and Ren, Dawei and Bjarnsholt, Thomas and S{\o}rensen, S{\o}ren J},
title = {{Interactions in multispecies biofilms: do they actually matter?}},
journal = {Trends in Microbiology},
year = {2014},
volume = {22},
number = {2},
pages = {84--91},
month = feb
}

@webpage{Anonymous:yYF1vMRb,
title = {{Microsoft Word - slmd-43.doc}},
year = {2011},
month = apr
}

@article{Ng:2014jh,
author = {Ng, Terry Fei Fan and Chen, Li-Fang and Zhou, Yanchen and Shapiro, Beth and Stiller, Mathias and Heintzman, Peter D and Varsani, Arvind and Kondov, Nikola O and Wong, Walt and Deng, Xutao and Andrews, Thomas D and Moorman, Brian J and Meulendyk, Thomas and MacKay, Glen and Gilbertson, Robert L and Delwart, Eric},
title = {{Preservation of viral genomes in 700-y-old caribou feces from a subarctic ice patch}},
journal = {Proceedings of the National Academy of Sciences},
year = {2014},
volume = {111},
number = {47},
pages = {16842--16847},
month = nov
}

@article{Kalkbrenner:2009kaa,
author = {Kalkbrenner, Thomas and Arnold, Axel and Tans, Sander J},
title = {{Internal Dynamics of Supercoiled DNA Molecules}},
journal = {Biophysical Journal},
year = {2009},
volume = {96},
number = {12},
pages = {4951--4955},
month = jun
}

@article{HallStoodley:2004cv,
author = {Hall-Stoodley, Luanne and Costerton, J William and Stoodley, Paul},
title = {{Bacterial biofilms: from the Natural environment to infectious diseases}},
journal = {Nature Reviews Microbiology},
year = {2004},
volume = {2},
number = {2},
pages = {95--108},
month = feb
}

@article{Iniesta:2014fd,
author = {Iniesta, Antonia A},
title = {{ParABS System in Chromosome   Partitioning in the Bacterium Myxococcus xanthus}},
journal = {PLoS One},
year = {2014},
month = jan
}

@article{Breakspear:2015ek,
author = {Breakspear, Andrew and Liu, Chengwu and Roy, Sonali and Stacey, Nicola and Rogers, Christian and Trick, Martin and Morieri, Giulia and Mysore, Kirankumar S and Wen, Jiangqi and Oldroyd, Giles E D and Downie, J Allan and Murray, Jeremy D},
title = {{The Root Hair {\textquotedblleft}Infectome{\textquotedblright} of Medicago truncatulaUncovers Changes in Cell Cycle Genes and Reveals a Requirement for Auxin Signaling in Rhizobial Infection}},
journal = {The Plant Cell},
year = {2015},
volume = {26},
number = {12},
pages = {4680--4701},
month = jan
}

@article{Anonymous:3n3PS6yn,
title = {{Hsp104, Hsp70, and Hsp40: A Novel Chaperone System that Rescues Previously Aggregated Proteins}},
year = {1998},
pages = {1--10},
month = jul
}

@article{Kussell:2013iea,
author = {Kussell, Edo},
title = {{Evolution in Microbes}},
journal = {Annual Review of Biophysics},
year = {2013},
volume = {42},
number = {1},
pages = {493--514},
month = may
}

@techreport{WorldHealthOrganization:2014ww,
author = {{World Health Organization}},
title = {{Antimicrobial Resistance: Global Report on Surveillance}},
institution = {WHO},
year = {2014},
month = jun
}

@article{Anonymous:1zeOmCHA,
title = {{Multicopy plasmids are clustered and localized in Escherichia coli}},
year = {2001},
pages = {1--6},
month = mar
}

@article{Hohnjec:2009uk,
author = {Hohnjec, Natalija and Lenz, Frauke and Fehlberg, Vera and Vieweg, Martin F and Baier, Markus C and Hause, Bettina and K{\"u}ster, Helge},
title = {{The signal peptide of the Medicago truncatula modular nodulin MtNOD25 operates as an adress label for the specific targeting of proteins to nitrogen-fixing symbiosomes}},
journal = {Molecular Plant-Microbe Interactions},
year = {2009},
volume = {22},
number = {1},
pages = {63--72}
}

@article{Brewster:2014eza,
author = {Brewster, Robert C and Weinert, Franz M and Garcia, Hernan G and Song, Dan and Rydenfelt, Mattias and Phillips, Rob},
title = {{The Transcription Factor Titration Effect Dictates Level of Gene Expression}},
journal = {Cell},
year = {2014},
pages = {1--12},
month = mar
}

@article{Ortiz:2010dua,
author = {Ortiz, J O and Brandt, F and Matias, V R F and Sennels, L and Rappsilber, J and Scheres, S H W and Eibauer, M and Hartl, F U and Baumeister, W},
title = {{Structure of hibernating ribosomes studied by cryoelectron tomography in vitro and in situ}},
journal = {The Journal of Cell Biology},
year = {2010},
volume = {190},
number = {4},
pages = {613--621},
month = aug
}

@article{Anonymous:9glXabYM,
author = {Garcia-Vallv{\'e}, Santiago and Romeu, Anton and Palau, Jaume},
title = {{Horizontal Gene Transfer in Bacterial and Archaeal Complete Genomes}},
year = {2000},
pages = {1--7},
month = nov
}

@article{Anonymous:2014fja,
author = {Takeuchi, Nobuto and Kaneko, Kunihiko and Koonin, Eugene V},
title = {{Horizontal Gene Transfer Can Rescue Prokaryotes from Muller{\textquoteright}s Ratchet: Benefit of DNA from Dead Cells and Population Subdivision}},
journal = {G3},
year = {2014},
volume = {4},
pages = {325--339},
month = feb
}

@article{Hanahan:2015tj,
author = {Hanahan, Douglas and Jessee, Joel and Bloom, Fredric R},
title = {{Plasmid Transformationg of \emph{Escherichia coli }and Other Bacteria}},
journal = {Methods in Enzymology},
year = {2015},
volume = {204},
pages = {1--51},
month = mar
}

@article{Dorman:2013kv,
author = {Dorman, Charles J},
title = {{Genome architecture and global gene regulation in bacteria: making progress towards a unified model?}},
journal = {Nature Publishing Group},
year = {2013},
volume = {11},
number = {5},
pages = {349--355},
month = apr
}

@article{Peterson:2009fga,
author = {Peterson, E L and Kondev, J and Theriot, J A and Phillips, R},
title = {{Reduced amino acid alphabets exhibit an improved sensitivity and selectivity in fold assignment}},
journal = {Bioinformatics},
year = {2009},
volume = {25},
number = {11},
pages = {1356--1362},
month = may
}

@article{Kruger:2011dl,
author = {Kr{\"u}ger, Nora-Johanna and Stingl, Kerstin},
title = {{Two steps away from novelty - principles of bacterial DNA uptake}},
journal = {Molecular Microbiology},
year = {2011},
volume = {80},
number = {4},
pages = {860--867},
month = apr
}

@article{Stracy:2014clc,
author = {Stracy, Mathew and Uphoff, Stephan and de Leon, Federico Garza and Kapanidis, Achillefs N},
title = {{In vivo single-molecule imaging of bacterial DNA replication, transcription, and repair}},
journal = {Febs Letters},
year = {2014},
pages = {1--10},
month = jun
}

@article{Jonczyk:2011db,
author = {Jo{\'{n}}czyk, E and K{\l}ak, M and Mi{\k{e}}dzybrodzki, R and G{\'o}rski, A},
title = {{The influence of external factors on bacteriophages{\textemdash}review}},
journal = {Folia Microbiologica},
year = {2011},
volume = {56},
number = {3},
pages = {191--200},
month = may
}

@article{Robbins:2005tq,
author = {Robbins, Arnold Robins},
title = {{UNIX in a Nutshell}},
year = {2005},
pages = {1--908},
month = sep
}

@article{Anonymous:HtRokyoR,
title = {{Individual-based modelling of biofilms}},
year = {1910},
pages = {1--16},
month = nov
}

@article{Dalley:2007jk,
author = {Dalley, J W and Fryer, T D and Brichard, L and Robinson, E S J and Theobald, D E H and Laane, K and Pena, Y and Murphy, E R and Shah, Y and Probst, K and Abakumova, I and Aigbirhio, F I and Richards, H K and Hong, Y and Baron, J C and Everitt, B J and Robbins, T W},
title = {{Nucleus Accumbens D2/3 Receptors Predict Trait Impulsivity and Cocaine Reinforcement}},
journal = {Science},
year = {2007},
volume = {315},
number = {5816},
pages = {1267--1270},
month = mar
}

@article{Otto:2006vm,
author = {Otto, S P and Gerstein, A C},
title = {{Why have sex? The population genetics of sex and recombination}},
journal = {Biochemical Society Transactions},
year = {2006},
pages = {519--522},
month = jul
}

@article{Ponciano:2006efa,
author = {Ponciano, J M and De Gelder, L and Top, E M and Joyce, P},
title = {{The Population Biology of Bacterial Plasmids: A Hidden Markov Model Approach}},
journal = {Genetics},
year = {2006},
volume = {176},
number = {2},
pages = {957--968},
month = dec
}

@article{Zhaxybayeva:2011bpa,
author = {Zhaxybayeva, Olga and Doolittle, W Ford},
title = {{Lateral gene transfer}},
journal = {Current Biology},
year = {2011},
volume = {21},
number = {7},
pages = {R242--R246},
month = apr
}

@article{Anonymous:0h9-eu9E,
title = {{Kedersha, Rome_1986_Preparative agarose gel electrophoresis for the purification of small organelles and particles}},
year = {2003},
pages = {1--10},
month = oct
}

@article{Rawling:2014bxa,
author = {Rawling, D C and Kohlway, A S and Luo, D and Ding, S C and Pyle, A M},
title = {{The RIG-I ATPase core has evolved a functional requirement for allosteric stabilization by the Pincer domain}},
journal = {Nucleic Acids Research},
year = {2014},
volume = {42},
number = {18},
pages = {11601--11611},
month = oct
}

@article{Abrevaya:2011bta,
author = {Abrevaya, Ximena C and Paulino-Lima, Ivan G and Galante, Douglas and Rodrigues, Fabio and Mauas, Pablo J D and Cort{\'o}n, Eduardo and Lage, Claudia de Alencar Santos},
title = {{Comparative Survival Analysis of Deinococcus radioduransand the Haloarchaea Natrialba magadiiand Haloferax volcaniiExposed to Vacuum Ultraviolet Irradiation}},
journal = {Astrobiology},
year = {2011},
volume = {11},
number = {10},
pages = {1034--1040},
month = dec
}

@article{Schloss:2005bs,
author = {Schloss, Patrick D and Handelsman, Jo},
title = {{Metagenomics for studying unculturable microorganisms: cutting the Gordian knot}},
journal = {Genome Biology},
year = {2005},
volume = {6},
number = {229},
pages = {1--4},
month = aug
}

@article{Anonymous:Wvhwg_Xh,
title = {{arXiv:1012.2166v1 [q-bio.PE] 10 Dec 2010}},
year = {2010},
pages = {1--18},
month = dec
}

@article{Science:2014um,
author = {Science, American Association for the Advancement of},
title = {{Gene Duplication{\textquoteright}s Role in Evolution Gets Richer, More Complex}},
year = {2014},
pages = {1--2},
month = apr
}

@article{Suel:2007dm,
author = {S{\"u}el, G{\"u}rol M and Kulkarni, Rajan P and Dworkin, Jonathan and Garcia-Ojalvo, Jordi and Elowitz, Michael B},
title = {{Tunability and Noise Dependence in Differentiation Dynamics}},
journal = {Science},
year = {2007},
volume = {315},
number = {5819},
pages = {1712--1716},
month = mar
}

@article{Berka:2002uf,
author = {Berka, Randy M and Hahn, Jeanett and Albano, Mark and Draskovic, Irena and Persuh, Marjan and Cui, Xianju and Sloma, Alan and Widner, William and Dubnau, David},
title = {{Microarray analysis of the \emph{Bacillus subtilis} K-state: genome-wide expression changes dependent on ComK}},
journal = {Molecular Microbiology},
year = {2002},
volume = {43},
number = {5},
pages = {1331--1345},
month = mar
}

@article{Schmeisser:2009cp,
author = {Schmeisser, C and Liesegang, H and Krysciak, D and Bakkou, N and Le Quere, A and Wollherr, A and Heinemeyer, I and Morgenstern, B and Pommerening-Roser, A and Flores, M and Palacios, R and Brenner, S and Gottschalk, G and Schmitz, R A and Broughton, W J and Perret, X and Strittmatter, A W and Streit, W R},
title = {{Rhizobium sp. Strain NGR234 Possesses a Remarkable Number of Secretion Systems}},
journal = {Applied and Environmental Microbiology},
year = {2009},
volume = {75},
number = {12},
pages = {4035--4045},
month = jun
}

@article{Rougier:2014gda,
author = {Rougier, Nicolas P and Droettboom, Michael and Bourne, Philip E},
title = {{Ten Simple Rules for Better Figures}},
journal = {PLoS Computational Biology},
year = {2014},
volume = {10},
number = {9},
pages = {e1003833},
month = sep
}

@article{Anonymous:MxLI3ubu,
title = {{Vaults. III. Vault Ribonucleoprotein Particles Open intoFlower-like Structures with Octagonal Symmetry}},
year = {2014},
pages = {1--11},
month = jul
}

@article{Llauro:2014iga,
author = {Llaur{\'o}, Aida and Guerra, Pablo and Irigoyen, Nerea and Rodr{\'\i}guez, Jos{\'e} F and Verdaguer, N{\'u}ria and de Pablo, Pedro J},
title = {{Mechanical Stability and Reversible Fracture of Vault Particles}},
journal = {Biophysical Journal},
year = {2014},
volume = {106},
number = {3},
pages = {687--695},
month = feb
}

@article{comp:2000wza,
author = {{comp4}},
title = {{The Yeast Nuclear Pore Complex: Composition, Architecture, and Transport Mechanism}},
year = {2000},
pages = {1--17},
month = feb
}

@article{Zeph:1988up,
author = {Zeph, L R and Onnaga, M A and Stotzky, G},
title = {{Transduction of \emph{Escherichia coli} by Bacteriophage P1 in soil}},
journal = {Applied and Environmental Microbiology},
year = {1988},
volume = {54},
number = {7},
pages = {1731--1737}
}

@article{LoScrudato:2012hha,
author = {Lo Scrudato, Mirella and Blokesch, Melanie},
title = {{The Regulatory Network of Natural Competence and Transformation of Vibrio cholerae}},
journal = {PLoS Genetics},
year = {2012},
volume = {8},
number = {6},
pages = {e1002778},
month = jun
}

@article{Kumar:1996tm,
author = {Kumar, Nalin M and Gilula, Norton B},
title = {{The Gap Junction Communication Channel}},
journal = {Cell},
year = {1996},
pages = {381--388},
month = may
}

@article{Coelho:2013dia,
author = {Coelho, Miguel and Dereli, Ayg{\"u}l and Haese, Anett and K{\"u}hn, Sebastian and Malinovska, Liliana and DeSantis, Morgan E and Shorter, James and Alberti, Simon and Gross, Thilo and Toli{\'c}-N{\o}rrelykke, Iva M},
title = {{Fission Yeast Does Not Age under Favorable Conditions, but Does So after Stress}},
journal = {Current Biology},
year = {2013},
volume = {23},
number = {19},
pages = {1844--1852},
month = oct
}

@article{Pende:1dd,
author = {Pende, Nika and Leisch, Nikolaus and Gruber-Vodicka, Harald R and Heindl, Niels R and Ott, J ouml rg and den Blaauwen, Tanneke and Bulgheresi, Silvia},
title = {{Size-independent symmetric division in extraordinarily long cells}},
journal = {Nature Communications},
year = {1},
volume = {5},
pages = {1--10}
}

@article{Nielsen:2006hmb,
author = {Nielsen, Henrik J and Ottesen, Jesper R and Youngren, Brenda and Austin, Stuart J and Hansen, Flemming G},
title = {{The Escherichia colichromosome is organized with the left and right chromosome arms in separate cell halves}},
journal = {Molecular Microbiology},
year = {2006},
volume = {62},
number = {2},
pages = {331--338},
month = sep
}

@article{Jiang:1998ul,
author = {Jiang, Sunny C and Paul, John H},
title = {{Gene Transfer by transduction in the marine environment}},
journal = {Applied and Environmental Microbiology},
year = {1998},
pages = {2780--2787},
month = jul
}

@article{Nasvall:2012gba,
author = {Nasvall, J and Sun, L and Roth, J R and Andersson, D I},
title = {{Real-Time Evolution of New Genes by Innovation, Amplification, and Divergence}},
journal = {Science},
year = {2012},
volume = {338},
number = {6105},
pages = {384--387},
month = oct
}

@article{Anonymous:2013fe,
title = {{Evolutionary mix-and-match with MFS transporters II}},
year = {2013},
pages = {1--8},
month = nov
}

@article{Griffiths:2000cr,
author = {Griffiths, Anthony JF and Miller, Jeffrey H and Suzuki, David T and Lewontin, Richard C and Gelbart, William M},
title = {{Transduction}},
journal = {Nature Reviews Microbiology},
year = {2000},
number = {11},
pages = {828--836}
}

@book{Anonymous:OZVZLIsU,
title = {{Current Protocols in Molecular Biology}}
}

@article{Anonymous:hp46ZGjx,
title = {{OF EUMOCOCCAL}},
year = {2014},
pages = {1--47},
month = feb
}

@article{Stubbs:2014gf,
author = {Stubbs, M T and Wahle, E},
title = {{Deadenylation--a piece of PANcake}},
journal = {The EMBO Journal},
year = {2014},
volume = {33},
number = {14},
pages = {1503--1505},
month = jul
}

@article{Hol:2014fv,
author = {Hol, F J H and Dekker, C},
title = {{Zooming in to see the bigger picture: Microfluidic and nanofabrication tools to study bacteria}},
journal = {Science},
year = {2014},
volume = {346},
number = {6208},
pages = {1251821--1251821},
month = oct
}

@article{Biswas:1989ui,
author = {Biswas, Gour D and Thompson, Stuart A and Sparling, P Frederick},
title = {{Gene transfer in\emph{ Neisseria gonorrhoeae}}},
journal = {Clinical Microbiology Reviews},
year = {1989},
volume = {2},
pages = {S24--S28}
}

@article{Li:2013gd,
author = {Li, Yan and Tian, Chang Fu and Chen, Wen Feng and Wang, Lei and Sui, Xin Hua and Chen, Wen Xin},
title = {{High-Resolution Transcriptomic Analyses of Sinorhizobium sp. NGR234 Bacteroids in Determinate Nodules of Vigna unguiculata and Indeterminate Nodules of Leucaena leucocephala}},
journal = {PLoS One},
year = {2013},
volume = {8},
number = {8},
pages = {e70531--12},
month = aug
}

@article{Anonymous:CcZR2ABZ,
title = {{Evidence for lateral genetransfer between Archaea andBacteria from genome sequence ofThermotoga maritima}},
year = {1999},
pages = {1--16},
month = may
}

@article{Crawford:2013iua,
author = {Crawford, Robert and Torella, Joseph P and Aigrain, Louise and Plochowietz, Anne and Gryte, Kristofer and Uphoff, Stephan and Kapanidis, Achillefs N},
title = {{Long-Lived Intracellular Single-Molecule Fluorescence Using Electroporated Molecules}},
journal = {Biophysical Journal},
year = {2013},
volume = {105},
number = {11},
pages = {2439--2450},
month = dec
}

@article{Breier:2007co,
author = {Breier, Adam M and Grossman, Alan D},
title = {{Whole-genome analysis of the chromosome partitioning and sporulation protein Spo0J (ParB) reveals spreading and origin-distal sites on the Bacillus subtilis chromosome}},
journal = {Molecular Microbiology},
year = {2007},
volume = {64},
number = {3},
pages = {703--718},
month = may
}

@article{Sjostrand:2014cm,
author = {Sjostrand, J and Tofigh, A and Daubin, V and Arvestad, L and Sennblad, B and Lagergren, J},
title = {{A Bayesian Method for Analyzing Lateral Gene Transfer}},
journal = {Systematic Biology},
year = {2014},
volume = {63},
number = {3},
pages = {409--420},
month = apr
}

@article{Licatalosi:2008fd,
author = {Licatalosi, Donny D and Mele, Aldo and Fak, John J and Ule, Jernej and Kayikci, Melis and Chi, Sung Wook and Clark, Tyson A and Schweitzer, Anthony C and Blume, John E and Wang, Xuning and Darnell, Jennifer C and Darnell, Robert B},
title = {{HITS-CLIP yields genome-wide insights into brain alternative RNA processing}},
journal = {Nature},
year = {2008},
volume = {456},
number = {7221},
pages = {464--469},
month = nov
}

@article{Syvanen:2012jna,
author = {Syvanen, Michael},
title = {{Evolutionary Implications of Horizontal Gene Transfer}},
journal = {Annual Review of Genetics},
year = {2012},
volume = {46},
number = {1},
pages = {341--358},
month = dec
}

@article{Avrain:2004hb,
author = {Avrain, L and Vernozy-Rozand, C and Kempf, I},
title = {{Evidence for natural horizontal transfer of \emph{tetO} gene between \emph{Campylobacter jejuni} strains in chickens}},
journal = {Journal of Applied Microbiology},
year = {2004},
volume = {97},
number = {1},
pages = {134--140},
month = jul
}

@article{Crawford:2013iu,
author = {Crawford, Robert and Torella, Joseph P and Aigrain, Louise and Plochowietz, Anne and Gryte, Kristofer and Uphoff, Stephan and Kapanidis, Achillefs N},
title = {{Long-Lived Intracellular Single-Molecule Fluorescence Using Electroporated Molecules}},
journal = {Biophysical Journal},
year = {2013},
volume = {105},
number = {11},
pages = {2439--2450},
month = dec
}

@article{MashburnWarren:2006jc,
author = {Mashburn-Warren, Lauren M and Whiteley, Marvin},
title = {{Special delivery: vesicle trafficking in prokaryotes}},
journal = {Molecular Microbiology},
year = {2006},
volume = {61},
number = {4},
pages = {839--846},
month = aug
}

@incollection{Funnell:2004wi,
author = {Funnell, Barbara E and Slavcev, Roderick A},
title = {{Partition Systems of Bacterial Plasmids}},
booktitle = {Plasmid Biology},
year = {2004},
editor = {Funnell, Barbara E and Phillips, Gregory J},
pages = {81--103},
address = {Washington DC}
}

@article{Crespi:2009tg,
author = {Crespi, Martin and Frugler, Florian},
title = {{De Novo Organ Formation from Differentiated Cells: Root Nodule Organogenesis}},
journal = {Science Signalling},
year = {2009},
pages = {1--9},
month = jan
}

@article{Gallon:1981uq,
author = {Gallon, J R},
title = {{The oxygen sensitivity of nitrogenase: a problem for biochemists and micro-organisms}},
journal = {Trends in Biochemical Sciences},
year = {1981},
volume = {6},
pages = {19--23}
}

@article{Whitman:1998tj,
author = {Whitman, William B and Coleman, David C and Wiebe, WIlliam J},
title = {{Prokaryotes: The unseen majority}},
journal = {Proceedings of the National Academy of Sciences},
year = {1998},
pages = {6578--6583},
month = may
}

@article{Buescher:2012ih,
author = {Buescher, J M and Liebermeister, W and Jules, M and Uhr, M and Muntel, J and Botella, E and Hessling, B and Kleijn, R J and Le Chat, L and Lecointe, F and Mader, U and Nicolas, P and Piersma, S and Rugheimer, F and Becher, D and Bessieres, P and Bidnenko, E and Denham, E L and Dervyn, E and Devine, K M and Doherty, G and Drulhe, S and Felicori, L and Fogg, M J and Goelzer, A and Hansen, A and Harwood, C R and Hecker, M and Hubner, S and Hultschig, C and Jarmer, H and Klipp, E and Leduc, A and Lewis, P and Molina, F and Noirot, P and Peres, S and Pigeonneau, N and Pohl, S and Rasmussen, S and Rinn, B and Schaffer, M and Schnidder, J and Schwikowski, B and Van Dijl, J M and Veiga, P and Walsh, S and Wilkinson, A J and Stelling, J and Aymerich, S and Sauer, U},
title = {{Global network reorganization during dynamic adaptations of \emph{Bacillus subtilis} metabolism}},
journal = {Science},
year = {2012},
volume = {335},
pages = {1099--1103},
month = mar
}

@article{Anonymous:TpLBL9hd,
title = {{Survival and biological activity of heat damaged DNA}},
year = {1998},
pages = {1--4},
month = oct
}

@article{Lang:2012dfa,
author = {Lang, Andrew S and Zhaxybayeva, Olga and Beatty, J Thomas},
title = {{Gene transfer agents: phage-like elements of genetic exchange}},
journal = {Nature Reviews Microbiology},
year = {2012},
volume = {10},
number = {7},
pages = {472--482},
month = jun
}

@article{Oldroyd:2004dv,
author = {Oldroyd, Giles E D and Downie, J Allan},
title = {{Calcium, kinases and nodulation signalling in legumes}},
journal = {Nature Reviews Molecular Cell Biology},
year = {2004},
volume = {5},
number = {7},
pages = {566--576},
month = jul
}

@article{Pavlovic:2004hl,
author = {Pavlovic, G},
title = {{Evolution of genomic islands by deletion and tandem accretion by site-specific recombination: ICESt1-related elements from \emph{Streptococcus thermophilus}}},
journal = {Microbiology},
year = {2004},
volume = {150},
number = {4},
pages = {759--774},
month = apr
}

@article{Jones:2007fb,
author = {Jones, Kathryn M and Kobayashi, Hajime and Davies, Bryan W and Taga, Michiko E and Walker, Graham C},
title = {{How rhizobial symbionts invade plants: the \emph{Sinorhizobium{\textendash}Medicago} model}},
journal = {Nature Reviews Microbiology},
year = {2007},
volume = {5},
number = {8},
pages = {619--633},
month = aug
}

@article{Juhas:bg,
author = {Juhas, Mario and Van Der Meer, Jan Roelof and Gaillard, Muriel and Harding, Rosalind M and Hood, Derek W and Crook, Derrick W},
title = {{Genomic islands: tools of bacterial horizontal gene transfer and evolution}},
journal = {FEMS Microbiology Reviews},
volume = {33},
number = {2},
pages = {376--393}
}

@article{Smith:2014jg,
author = {Clarke, Victoria C and Loughlin, Patric C and Day, David A and Smith, Penelope M C},
title = {{Transport processes of the legume symbiosome membrane}},
journal = {Frontiers in Plant Science},
year = {2014},
volume = {5},
pages = {1--9},
month = dec
}

@article{Anonymous:HdtFub_p,
title = {{Quantification and Classification}},
year = {2014},
pages = {1--36},
month = jan
}

@article{Lucic:2013hu,
author = {Lucic, V and Rigort, A and Baumeister, W},
title = {{Cryo-electron tomography: The challenge of doing structural biology in situ}},
journal = {The Journal of Cell Biology},
year = {2013},
volume = {202},
number = {3},
pages = {407--419},
month = aug
}

@article{Anonymous:EzUV9S8C,
title = {{Efficiency of Homologous Intermolecular Recombination}},
year = {2007},
pages = {1--4},
month = jan
}

@article{Lederberg:1952wq,
author = {Lederberg, Joshua and Cavalli, Luigi and Lederberg, Esther},
title = {{Sex compatiblity in \emph{Escherichia coli}}},
journal = {Genetics},
year = {1952},
volume = {37},
pages = {720--730}
}

@article{Anonymous:7l4UbWyo,
title = {{Gene Regulation at theSingle-Cell Level}},
year = {2014},
pages = {1--5},
month = may
}

@article{Dalley:2007jka,
author = {Dalley, J W and Fryer, T D and Brichard, L and Robinson, E S J and Theobald, D E H and Laane, K and Pena, Y and Murphy, E R and Shah, Y and Probst, K and Abakumova, I and Aigbirhio, F I and Richards, H K and Hong, Y and Baron, J C and Everitt, B J and Robbins, T W},
title = {{Nucleus Accumbens D2/3 Receptors Predict Trait Impulsivity and Cocaine Reinforcement}},
journal = {Science},
year = {2007},
volume = {315},
number = {5816},
pages = {1267--1270},
month = mar
}

@article{Anonymous:1j9z9w14,
title = {{Untangling Genomes from Metagenomes:Revealing an Uncultured Class ofMarine Euryarchaeota}},
year = {2014},
pages = {1--5},
month = dec
}

@article{Howitt:1986wq,
author = {Howitt, Susan M and Udvardi, Michael K and Day, David A and Gresshoff, Peter M},
title = {{Ammonia transport in free-living and symbiotic\emph{ Rhizobium} sp. ANU289}},
journal = {Journal of General Microbiology},
year = {1986},
volume = {132},
pages = {257--261}
}

@article{Anonymous:2015cn,
title = {{Plant Peptides Govern Terminal Differentiation of Bacteria in Symbiosis}},
year = {2015},
pages = {1--6},
month = apr
}

@article{Anonymous:A0R4UxBl,
title = {{Vault Ribonucleoprotein Particles from Rat and Bullfrog Contain}},
year = {2001},
pages = {1--6},
month = jun
}

@article{Anonymous:hVIMLs_a,
title = {{Trevors_1998_Review Bacterial population genetics}},
year = {1998},
pages = {1--5},
month = jan
}

@article{Anonymous:2009eu,
title = {{The Structure of Rat Liver Vault at 3.5 Angstrom Resolution}},
year = {2009},
pages = {1--5},
month = jan
}

@article{Roberts:2014dr,
author = {Roberts, Adam P},
title = {{The impact of horizontal gene transfer on the adaptive ability of the human oral microbiome}},
journal = {Frontiers in Cellular and Infection Microbiology},
year = {2014},
pages = {1--9},
month = aug
}

@article{Broedersz:2014jz,
author = {Broedersz, Chase P and Wang, Xindan and Meir, Yigal and Loparo, Joseph J and Rudner, David Z and Wingreen, Ned S},
title = {{Condensation and localization of the partitioning protein ParB on the bacterial chromosome.}},
journal = {Proceedings of the National Academy of Sciences of the United States of America},
year = {2014},
volume = {111},
number = {24},
pages = {8809--8814},
month = jun
}

@article{Perret:2000ue,
author = {Perret, Xavier and Staehelin, Christian and Broughton, William J},
title = {{Molecular basis of symbiotic promiscuity}},
journal = {Microbiology and Molecular Biology Reviews},
year = {2000},
pages = {180--201}
}

@article{Anonymous:y8IS3Ly4,
title = {{NIH Public Access}},
year = {2013},
pages = {1--29},
month = nov
}

@article{Ng:2008cma,
author = {Ng, Benny C and Yu, Marcella and Gopal, Ajaykumar and Rome, Leonard H and Monbouquette, Harold G and Tolbert, Sarah H},
title = {{Encapsulation of Semiconducting Polymers in Vault Protein Cages}},
journal = {Nano Letters},
year = {2008},
volume = {8},
number = {10},
pages = {3503--3509},
month = oct
}

@article{Crespi:2000dw,
author = {Crespi, Martin and G{\'a}lvez, Susana},
title = {{Molecular mechanisms in root nodule development}},
journal = {Journal of Plant Growth Regulation},
year = {2000},
pages = {155--166}
}

@article{Liu:2012kv,
author = {Liu, Li and Chen, Xiaowei and Skogerb{\o}, Geir and Zhang, Peng and Chen, Runsheng and He, Shunmin and Huang, Da-Wei},
title = {{The human microbiome: A hot spot of microbial horizontal gene transfer}},
journal = {Genomics},
year = {2012},
volume = {100},
number = {5},
pages = {265--270},
month = nov,
annote = {Overview and important bits
--------------------------------

*Took sequenced human microbiome and computationally identified aberrant codon usage in the large number of microbes.

*Used Kullback-Leibler divergence algorithms to identify aberrant codons. 

*Out of the 308 human microbes, they found an average of 43.9 HGT candidate genes per microbe.

*Gut microbes harbor the most HGT candidate, but microbes on other parts of the body showed HGT candidates. }
}

@article{Popa:2011jja,
author = {Popa, Ovidiu and Dagan, Tal},
title = {{Trends and barriers to lateral gene transfer in prokaryotes}},
journal = {Current Opinion in Microbiology},
year = {2011},
pages = {1--9},
month = aug
}

@article{Poderycki:2006eoa,
author = {Poderycki, Michael J and Kickhoefer, Valerie A and Kaddis, Catherine S and Raval-Fernandes, Sujna and Johansson, Erik and Zink, Jeffrey I and Loo, Joseph A and Rome, Leonard H},
title = {{The Vault Exterior Shell Is a Dynamic Structure that Allows Incorporation of Vault-Associated Proteins into Its Interior {\dag}}},
journal = {Biochemistry},
year = {2006},
volume = {45},
number = {39},
pages = {12184--12193},
month = oct
}

@article{Rensink:2005da,
author = {Rensink, Willem Albert and Buell, C Robin},
title = {{Microarray expression profiling resources for plant genomics}},
journal = {Trends in Plant Science},
year = {2005},
volume = {10},
number = {12},
pages = {603--609},
month = dec
}

@article{Sawitzke:2011gu,
author = {Sawitzke, James A and Costantino, Nina and Li, Xin-tian and Thomason, Lynn C and Bubunenko, Mikhail and Court, Carolyn and Court, Donald L},
title = {{Probing Cellular Processes with Oligo-Mediated Recombination and Using the Knowledge Gained to Optimize Recombineering}},
journal = {Journal of Molecular Biology},
year = {2011},
volume = {407},
number = {1},
pages = {45--59},
month = mar
}

@article{MacKay:2014bpa,
author = {MacKay, J Andrew and Shi, Pu and Gustafson, Joshua},
title = {{Genetically engineered nanocarriers for drug delivery}},
journal = {International Journal of Nanomedicine},
year = {2014},
pages = {1617},
month = mar
}

@article{Podell:2007fe,
author = {Podell, Sheila and Gaasterland, Terry},
title = {{DarkHorse: a method for genome-wide prediction of horizontal gene transfer}},
journal = {Genome Biology},
year = {2007},
volume = {8},
number = {R16},
month = feb
}

@article{Meibom:2005jsa,
author = {Meibom, K L},
title = {{Chitin Induces Natural Competence in Vibrio cholerae}},
journal = {Science},
year = {2005},
volume = {310},
number = {5755},
pages = {1824--1827},
month = dec
}

@article{Derman:2008dk,
author = {Derman, Alan I and Lim-Fong, Grace and Pogliano, Joe},
title = {{Intracellular mobility of plasmid DNA is limited by the ParA family of partitioning systems}},
journal = {Molecular Microbiology},
year = {2008},
volume = {67},
number = {5},
pages = {935--946},
month = mar
}

@article{Chen:2004,
author = {Chen, In{\^e}s and Dubnau, David},
title = {{DNA Uptake During Bacterial Transformation}},
journal = {Nature Reviews Genetics},
year = {2004},
volume = {2},
pages = {241--249}
}

@article{Steinbock:2014cha,
author = {Steinbock, L J and Krishnan, S and Bulushev, R D and Borgeaud, S and Blokesch, M and Feletti, L and Radenovic, A},
title = {{Probing the size of proteins with glass nanopores}},
journal = {Nanoscale},
year = {2014},
volume = {6},
number = {23},
pages = {14380--14387},
month = oct
}

@article{Mozhayskiy:2012eg,
author = {Mozhayskiy, Vadim and Tagkopoulos, Ilias},
title = {{Horizontal gene transfer dynamics and distribution of fitness effects during microbial in silico evolution}},
journal = {BMC Bioinformatics},
year = {2012},
volume = {13},
number = {Suppl 10},
pages = {S13},
month = jun
}

@article{Dubey:2011dp,
author = {Dubey, Gyanendra P and Ben-Yehuda, Sigal},
title = {{Intercellular Nanotubes Mediate Bacterial Communication}},
journal = {Cell},
year = {2011},
volume = {144},
number = {4},
pages = {590--600},
month = feb
}

@article{Woegerbauer:2002eva,
author = {Woegerbauer, M and Jenni, B and Thalhammer, F and Graninger, W and Burgmann, H},
title = {{Natural Genetic Transformation of Clinical Isolates of Escherichia coli in Urine and Water}},
journal = {Applied and Environmental Microbiology},
year = {2002},
volume = {68},
number = {1},
pages = {440--443},
month = jan
}

@article{Miller:2003hf,
author = {Miller, E S and Heidelberg, J F and Eisen, J A and Nelson, W C and Durkin, A S and Ciecko, A and Feldblyum, T V and White, O and Paulsen, I T and Nierman, W C and Lee, J and Szczypinski, B and Fraser, C M},
title = {{Complete genome sequence of the broad-host-range Vibriophage KVP40: comparative enomics of a T4-related bacteriophage}},
journal = {Journal of Bacteriology},
year = {2003},
volume = {185},
number = {17},
pages = {5220--5233},
month = aug
}

@article{Anonymous:1k2qi9Jc,
title = {{Conrad et al._1999_Mathematical Models of Biochemical Oscillations}},
year = {1999},
pages = {1--40},
month = may
}

@article{Koonin:2014ina,
author = {Koonin, Eugene V},
title = {{Horizontal transfer beyond genes: Fig. 1.}},
journal = {Proceedings of the National Academy of Sciences},
year = {2014},
volume = {111},
number = {45},
pages = {15865--15866},
month = nov
}

@article{Anonymous:vgOlifRL,
title = {{STATISTICAL ERRORS}},
year = {2014},
pages = {1--3},
month = feb
}

@article{Zhang:2011ka,
author = {Zhang, Chaolin and Darnell, Robert B},
title = {{Mapping in vivo protein-RNA interactions at single-nucleotide resolution from HITS-CLIP data}},
journal = {Nature Biotechnology},
year = {2011},
volume = {29},
number = {7},
pages = {607--614},
month = jun
}

@article{Li:2001km,
author = {Li, Y H and Lau, P C Y and Lee, J H and Ellen, R P and Cvitkovitch, D G},
title = {{Natural genetic transformation of \emph{Streptococcus mutans} growing in biofilms}},
journal = {Journal of Bacteriology},
year = {2001},
volume = {183},
number = {3},
pages = {897--908},
month = feb
}

@article{Cabezon:2014do,
author = {Cabez{\'o}n, Elena and Ripoll-Rozada, Jorge and Pe{\~n}a, Alejandro and de la Cruz, Fernando and Arechaga, Ignacio},
title = {{Towards an integrated model of bacterial conjugation}},
journal = {FEMS Microbiology Reviews},
year = {2014},
pages = {1--19},
month = sep
}

@article{Schultz:2009tt,
author = {Schultz, Daniel and Wolynes, Peter G and Ben Jacob, Eshel and Onuchic, Jose N},
title = {{Deciding fate in adverse times: Sporulation and competence in Bacillus subtilis}},
journal = {Proceedings of the National Academy of Sciences},
year = {2009},
pages = {1--8},
month = dec
}

@article{Anonymous:LxyF6atU,
title = {{1-s2.0-S030544038371040X-main}},
year = {1999},
pages = {1--10},
month = apr
}

@article{Vollmar:2009cua,
author = {Vollmar, F and Hacker, C and Zahedi, R P and Sickmann, A and Ewald, A and Scheer, U and Dabauvalle, M C},
title = {{Assembly of nuclear pore complexes mediated by major vault protein}},
journal = {Journal of Cell Science},
year = {2009},
volume = {122},
number = {6},
pages = {780--786},
month = mar
}

@article{Zhang:2011kaa,
author = {Zhang, Chaolin and Darnell, Robert B},
title = {{Mapping in vivo protein-RNA interactions at single-nucleotide resolution from HITS-CLIP data}},
journal = {Nature Biotechnology},
year = {2011},
volume = {29},
number = {7},
pages = {607--614},
month = jun
}

@article{Anonymous:3CrUyWqF,
title = {{What is the expectation maximization algorithm?}},
year = {2008},
pages = {1--3},
month = jul
}

@article{Vessey:1994vc,
author = {Vessey, J Kevin},
title = {{Measurement of nitrogenase activity in legume root nodules: In defense of the acetylene reduction assay}},
journal = {Plant and Soi},
year = {1994},
volume = {158},
number = {2},
pages = {151--162}
}

@article{Fraser:2007ep,
author = {Fraser, C and Hanage, W P and Spratt, B G},
title = {{Recombination and the Nature of Bacterial Speciation}},
journal = {Science},
year = {2007},
volume = {315},
number = {5811},
pages = {476--480},
month = jan
}

@article{Anonymous:Ft2vAtDj,
title = {{Untangling Genomes from Metagenomes:Revealing an Uncultured Class ofMarine Euryarchaeota}},
year = {2014},
pages = {1--5},
month = dec
}

@article{Anonymous:9QbVmQ-8,
title = {{Direct measurement of the transfer rate of chloroplast DNA into the nucleus}},
year = {2003},
pages = {1--5},
month = feb
}

@article{Anonymous:-8dH8qB4,
title = {{arXiv:1312.0613v3 [astro-ph.CO] 3 Jun 2014}},
year = {2014},
pages = {1--12},
month = jun
}

@article{Domingues:2014eq,
author = {Domingues, Sara and Nielsen, Kaare M and da Silva, Gabriela J},
title = {{Various pathways leading to the acquisition of antibiotic resistance by natural transformation}},
journal = {Mobile Genetic Elements},
year = {2014},
volume = {2},
number = {6},
pages = {257--260},
month = oct
}

@article{Anonymous:4kzPJ7A_,
title = {{Simple and complex nuclear loci created by newly transferred chloroplast DNA in tobacco}},
year = {2004},
pages = {1--6},
month = jun
}

@article{Smits:2005jw,
author = {Smits, Wiep Klaas and Eschevins, Caroline C and Susanna, Kim A and Bron, Sierd and Kuipers, Oscar P and Hamoen, Leendert W},
title = {{Stripping \emph{Bacillus}: ComK auto-stimulation is responsible for the bistable response in competence development}},
journal = {Molecular Microbiology},
year = {2005},
volume = {56},
number = {3},
pages = {604--614},
month = mar
}

@article{Brewer:2013eba,
author = {Brewer, Ashley and Davis, Anthony P},
title = {{Chiral encoding may provide a simple solution to the origin of life}},
journal = {Nature Chemistry},
year = {2013},
volume = {6},
number = {7},
pages = {569--574},
month = jun
}

@article{Karunakaran:2010gr,
author = {Karunakaran, R and Haag, A F and East, A K and Ramachandran, V K and Prell, J and James, E K and Scocchi, M and Ferguson, G P and Poole, P S},
title = {{BacA Is Essential for Bacteroid Development in Nodules of Galegoid, but not Phaseoloid, Legumes}},
journal = {Journal of Bacteriology},
year = {2010},
volume = {192},
number = {11},
pages = {2920--2928},
month = may
}

@article{Anonymous:Q0XKg0Rz,
title = {{Site-specific Recombinationin Phage Lambda}},
year = {2009},
pages = {1--40},
month = jul
}

@article{Anonymous:OBmPWVTh,
title = {{Griffith, Lecture_1972_Pneumococcal Transformation - A Backward View}},
year = {2008},
pages = {1--11},
month = jul
}

@article{Anonymous:2013fea,
title = {{Evolutionary mix-and-match with MFS transporters II}},
year = {2013},
pages = {1--8},
month = nov
}

@article{Hohn:2011kp,
author = {H{\"o}hn, Stephanie and Hallmann, Armin},
title = {{There is more than one way to turn a spherical cellular monolayer inside out: type B embryo inversion in Volvox globator}},
journal = {BMC Biology},
year = {2011},
volume = {9},
number = {1},
pages = {89},
month = dec
}

@article{Toro:2010fw,
author = {Toro, Esteban and Shapiro, Lucy},
title = {{Bacterial chromosome organization and segregation.}},
journal = {Cold Spring Harbor Perspectives in Biology},
year = {2010},
volume = {2},
number = {2},
pages = {a000349--a000349},
month = feb
}

@article{Iyer:2004gba,
author = {Iyer, Lakshminarayan M and Aravind, L and Coon, Steven L and Klein, David C and Koonin, Eugene V},
title = {{Evolution of cell{\textendash}cell signaling in animals: did late horizontal gene transfer from bacteria have a role?}},
journal = {Trends in Genetics},
year = {2004},
volume = {20},
number = {7},
pages = {292--299},
month = jul
}

@article{AlvarezMartinez:2009im,
author = {Alvarez-Martinez, C E and Christie, P J},
title = {{Biological Diversity of Prokaryotic Type IV Secretion Systems}},
journal = {Microbiology and Molecular Biology Reviews},
year = {2009},
volume = {73},
number = {4},
pages = {775--808},
month = nov
}

@article{Wiedenbeck:2011en,
author = {Wiedenbeck, Jane and Cohan, Frederick M},
title = {{Origins of bacterial diversity through horizontal genetic transfer and adaptation to new ecological niches}},
journal = {FEMS Microbiology Reviews},
year = {2011},
volume = {35},
number = {5},
pages = {957--976},
month = jul
}

@article{Dalia:2014gua,
author = {Dalia, A B and McDonough, E and Camilli, A},
title = {{Multiplex genome editing by natural transformation}},
journal = {Proceedings of the National Academy of Sciences},
year = {2014},
volume = {111},
number = {24},
pages = {8937--8942},
month = jun
}

@article{Keeling:2008ch,
author = {Keeling, Patrick J and Palmer, Jeffrey D},
title = {{Horizontal gene transfer in eukaryotic evolution}},
journal = {Nature Reviews Genetics},
year = {2008},
volume = {9},
number = {8},
pages = {605--618},
month = aug
}

@article{Parry:2014ff,
author = {Parry, Bradley R and Surovtsev, Ivan V and Cabeen, Matthew T and O{\textquoteright}Hern, Corey S and Dufresne, Eric R and Jacobs-Wagner, Christine},
title = {{The Bacterial Cytoplasm Has Glass-like Properties and Is Fluidized by Metabolic Activity}},
journal = {Cell},
year = {2014},
volume = {156},
number = {1-2},
pages = {183--194},
month = jan
}

@article{Kitahara:2014ck,
author = {Kitahara, Kei and Miyazaki, Kentaro},
title = {{Revisiting bacterial phylogeny}},
journal = {Mobile Genetic Elements},
year = {2014},
volume = {3},
number = {1},
pages = {e24210},
month = oct
}

@misc{TheWhiteHouse:2014us,
title = {{National Strategy For Combating Antibiotic-Resistant Bacteria}},
author = {{The White House}},
month = sep,
year = {2014}
}

@article{Anonymous:aI5IpoQy,
title = {{SGM SPECIAL LECTURE}},
year = {1910},
pages = {1--18},
month = nov
}

@article{Hellriegel:1888ug,
author = {Hellriegel, Hermann and Wilfarth, Hermann},
title = {{Untersuchungen {\"u}ber die stickstoffnahrung der gramineen and leguminosen}},
journal = {Buchdruckerei der Post Kayssler},
year = {1888},
pages = {258}
}

@article{Sfeir:2012gc,
author = {Sfeir, A and de Lange, T},
title = {{Removal of Shelterin Reveals the Telomere End-Protection Problem}},
journal = {Science},
year = {2012},
volume = {336},
number = {6081},
pages = {593--597},
month = may
}

@article{Steinberger:2005bg,
author = {Steinberger, R E and Holden, P A},
title = {{Extracellular DNA in Single- and Multiple-Species Unsaturated Biofilms}},
journal = {Applied and Environmental Microbiology},
year = {2005},
volume = {71},
number = {9},
pages = {5404--5410},
month = sep
}

@article{Matsui:2003hd,
author = {Matsui, K and Ishii, N and Kawabata, Z 'i},
title = {{Release of Extracellular Transformable Plasmid DNA from Escherichia coli Cocultivated with Algae}},
journal = {Applied and Environmental Microbiology},
year = {2003},
volume = {69},
number = {4},
pages = {2399--2404},
month = apr
}

@article{Payne:2006fc,
author = {Payne, B T I and van Knippenberg, I C and Bell, H and Filipe, S R and Sherratt, D J and McGlynn, P},
title = {{Replication fork blockage by transcription factor-DNA complexes in \emph{Escherichia coli}}},
journal = {Nucleic Acids Research},
year = {2006},
volume = {34},
number = {18},
pages = {5194--5202},
month = sep
}

@article{Nielsen:2006hma,
author = {Nielsen, Henrik J and Ottesen, Jesper R and Youngren, Brenda and Austin, Stuart J and Hansen, Flemming G},
title = {{The Escherichia colichromosome is organized with the left and right chromosome arms in separate cell halves}},
journal = {Molecular Microbiology},
year = {2006},
volume = {62},
number = {2},
pages = {331--338},
month = sep
}

@article{Anonymous:P8wY3OUB,
title = {{Requirement for binding multiple ATPs to convert a GroEL ring to the folding-active state}},
year = {2008},
pages = {1--6},
month = dec
}

@article{Clarke:2015ce,
author = {Clarke, Victoria C and Loughlin, Patrick C and Gavrin, Aleksandr and Chen, Chi and Brear, Ella M and Day, David A and Smith, Penelope M C},
title = {{Proteomic Analysis of the Soybean Symbiosome Identifies New Symbiotic Proteins}},
journal = {Molecular {\&} Cellular Proteomics},
year = {2015},
volume = {14},
number = {5},
pages = {1301--1322},
month = may
}

@article{Beatson:2014fba,
author = {Beatson, S A and Walker, M J},
title = {{Tracking antibiotic resistance}},
journal = {Science},
year = {2014},
volume = {345},
number = {6203},
pages = {1454--1455},
month = sep
}

@article{Chen:2014bfa,
author = {Chen, B C and Legant, W R and Wang, K and Shao, L and Milkie, D E and Davidson, M W and Janetopoulos, C and Wu, X S and Hammer, J A and Liu, Z and English, B P and Mimori-Kiyosue, Y and Romero, D P and Ritter, A T and Lippincott-Schwartz, J and Fritz-Laylin, L and Mullins, R D and Mitchell, D M and Bembenek, J N and Reymann, A C and Bohme, R and Grill, S W and Wang, J T and Seydoux, G and Tulu, U S and Kiehart, D P and Betzig, E},
title = {{Lattice light-sheet microscopy: Imaging molecules to embryos at high spatiotemporal resolution}},
journal = {Science},
year = {2014},
volume = {346},
number = {6208},
pages = {1257998--1257998},
month = oct
}

@article{Anonymous:a6M3hTDD,
title = {{Hsp104, Hsp70, and Hsp40: A Novel Chaperone System that Rescues Previously Aggregated Proteins}},
year = {1998},
pages = {1--10},
month = jul
}

@article{Llosa:2005id,
author = {Llosa, Matxalen and de la Cruz, Fernando},
title = {{Bacterial conjugation: a potential tool for genomic engineering}},
journal = {Research in Microbiology},
year = {2005},
volume = {156},
number = {1},
pages = {1--6},
month = jan
}

@article{Palchevskiy:2006kqb,
author = {Palchevskiy, V and Finkel, S E},
title = {{Escherichia coli Competence Gene Homologs Are Essential for Competitive Fitness and the Use of DNA as a Nutrient}},
journal = {Journal of Bacteriology},
year = {2006},
volume = {188},
number = {11},
pages = {3902--3910},
month = may
}

@article{Llosa:2012ha,
author = {Llosa, Matxalen and Schr{\"o}der, Gunnar and Dehio, Christoph},
title = {{New perspectives into bacterial DNA transfer to human cells}},
journal = {Trends in Microbiology},
year = {2012},
volume = {20},
number = {8},
pages = {355--359},
month = aug
}

@article{Thomas:2005hp,
author = {Thomas, Christopher M and Nielsen, Kaare M},
title = {{Mechanisms of, and Barriers to, Horizontal Gene Transfer between Bacteria}},
journal = {Nature Reviews Microbiology},
year = {2005},
volume = {3},
number = {9},
pages = {711--721},
month = sep
}

@article{Rojas:2014ib,
author = {Rojas, E and Theriot, J A and Huang, K C},
title = {{Response of Escherichia coli growth rate to osmotic shock}},
journal = {Proceedings of the National Academy of Sciences},
year = {2014},
volume = {111},
number = {21},
pages = {7807--7812},
month = may
}

@article{Dorer:2010tf,
author = {Dorer, Marion S and Ferro, Jutta and Salama, Nina R},
title = {{DNA Damage Triggers Genetic Exchange in \emph{Helicobacter pylori}}},
journal = {PLoS Pathogens},
year = {2010},
volume = {6},
number = {7},
month = jul
}

@article{Rusconi:2014gd,
author = {Rusconi, Roberto and Garren, Melissa and Stocker, Roman},
title = {{Microfluidics Expanding the Frontiers of Microbial Ecology}},
journal = {Annual Review of Biophysics},
year = {2014},
volume = {43},
number = {1},
pages = {65--91},
month = may
}

@article{Nielsen:2006hm,
author = {Nielsen, Henrik J and Ottesen, Jesper R and Youngren, Brenda and Austin, Stuart J and Hansen, Flemming G},
title = {{The Escherichia colichromosome is organized with the left and right chromosome arms in separate cell halves}},
journal = {Molecular Microbiology},
year = {2006},
volume = {62},
number = {2},
pages = {331--338},
month = sep
}

@article{Anonymous:JHk1c4VJ,
title = {{The RepA protein of plasmid pSC101 controls Escherichia coli cell division through the SOS response}},
year = {1910},
pages = {1--8},
month = nov
}

@article{Cabeza:2014ht,
author = {Cabeza, R and Koester, B and Liese, R and Lingner, A and Baumgarten, V and Dirks, J and Salinas-Riester, G and Pommerenke, C and Dittert, K and Schulze, J},
title = {{An RNA Sequencing Transcriptome Analysis Reveals Novel Insights into Molecular Aspects of the Nitrate Impact on the Nodule Activity of \emph{Medicago truncatula}}},
journal = {Plant Physiology},
year = {2014},
volume = {164},
number = {1},
pages = {400--411},
month = jan
}

@article{Wang:1987ul,
author = {Wang, Boamin and Liu, Lin and Groisman, Eduardo A and Casadaban, Malcolm J and Berg, Claire M},
title = {{High frequency generalized transduction by MiniMu plasmid phage}},
journal = {Genetics},
year = {1987},
pages = {201--206}
}

@article{Palenik:2003ef,
author = {Palenik, B and Brahamsha, B and Larimer, F W and Land, M and Hauser, L and Chaln, P and Lamerdin, J and regala, W and Allen, E E and McCarren, J and Paulsen, I and Dufresne, A and Partensky, F and Webb, E A and Waterbury, J},
title = {{The genome of a motile marine \emph{Synechococcus}}},
journal = {Nature},
year = {2003},
volume = {424},
number = {6952},
pages = {1035--1037},
month = aug
}

@article{Ptacin:2010ih,
author = {Ptacin, Jerod L and Lee, Steven F and Garner, Ethan C and Toro, Esteban and Eckart, Michael and Comolli, Luis R and Moerner, W E and Shapiro, Lucy},
title = {{A spindle-like apparatus guides bacterial chromosome segregation}},
journal = {Nature Cell Biology},
year = {2010},
volume = {12},
number = {8},
pages = {791--798},
month = jul
}

@article{Slesina:2005fja,
author = {Slesina, Marco and Inman, Elisabeth M and Rome, Leonard H and Volknandt, Walter},
title = {{Nuclear localization of the major vault protein in U373 cells}},
journal = {Cell and Tissue Research},
year = {2005},
volume = {321},
number = {1},
pages = {97--104},
month = may
}

@article{Sustarsic:2014bj,
author = {Sustarsic, Marko and Plochowietz, Anne and Aigrain, Louise and Yuzenkova, Yulia and Zenkin, Nikolay and Kapanidis, Achillefs},
title = {{Optimized delivery of fluorescently labeled proteins in live bacteria using electroporation}},
journal = {Histochemistry and Cell Biology},
year = {2014},
volume = {142},
number = {1},
pages = {113--124},
month = apr
}

@article{Ragan:2009gya,
author = {Ragan, M A and Beiko, R G},
title = {{Lateral genetic transfer: open issues}},
journal = {Philosophical Transactions of the Royal Society B: Biological Sciences},
year = {2009},
volume = {364},
number = {1527},
pages = {2241--2251},
month = jul
}

@article{Mattick:2002il,
author = {Mattick, John S},
title = {{Type IV Pili and Twitching Motility}},
journal = {Annual Review of Microbiology},
year = {2002},
volume = {56},
number = {1},
pages = {289--314},
month = oct
}

@article{Anonymous:mm3Ab6CC,
title = {{STATISTICAL ERRORS}},
year = {2014},
pages = {1--3},
month = feb
}

@article{Casjens:2011hq,
author = {Casjens, Sherwood R and Thuman-Commike, Pamela A},
title = {{Evolution of mosaically related tailed bacteriophage genomes seen through the lens of phage P22 virion assembly}},
journal = {Virology},
year = {2011},
volume = {411},
number = {2},
pages = {393--415},
month = mar
}

@article{Aerts:2014gla,
author = {Aerts, Joost and R{\"o}ling, Wilfred and Elsaesser, Andreas and Ehrenfreund, Pascale},
title = {{Biota and Biomolecules in Extreme Environments on Earth: Implications for Life Detection on Mars}},
journal = {Life},
year = {2014},
volume = {4},
number = {4},
pages = {535--565},
month = dec
}

@article{Anonymous:ndmDQsto,
title = {{Simple and complex nuclear loci created by newly transferred chloroplast DNA in tobacco}},
year = {2004},
pages = {1--6},
month = jun
}

@article{Russo:2014jia,
author = {Russo, Christopher J and Passmore, Lori A},
title = {{Controlling protein adsorption on graphene for cryo-EM using low-energy hydrogen plasmas}},
journal = {Nature Methods},
year = {2014},
volume = {11},
number = {6},
pages = {649--652},
month = apr
}

@article{Catalano:2004du,
author = {Catalano, Christina M and Lane, William S and Sherrier, D Janine},
title = {{Biochemical characterization of symbiosome membrane proteins from \emph{Medicago truncatula} root nodules}},
journal = {ELECTROPHORESIS},
year = {2004},
volume = {25},
number = {3},
pages = {519--531},
month = feb
}

@article{Zinder:1952ug,
author = {Zinder, Norton D and Lederberg, Joshua},
title = {{Genetic exchange in \emph{Salmonella}}},
journal = {Journal of Bacteriology},
year = {1952},
volume = {64},
number = {5},
pages = {1--22},
month = nov
}

@article{Anonymous:_d8vXop1,
title = {{What is a hidden Markov model?}},
year = {2004},
pages = {1--2},
month = sep
}

@article{Babic:2008bl,
author = {Babic, A and Lindner, A B and Vulic, M and Stewart, E J and Radman, M},
title = {{Direct Visualization of Horizontal Gene Transfer}},
journal = {Science},
year = {2008},
volume = {319},
number = {5869},
pages = {1533--1536},
month = mar
}

@article{Negus:2012th,
author = {Negus, Christopher},
title = {{Linux Bible}},
year = {2012},
pages = {1--858},
month = aug
}

@article{Hacker:1990,
author = {Hacker, J{\"o}rg and Bender, Larisa and Ott, Manfred and Wingender, Jochen and Lund, Bj{\"o}rn and Marre, Reinhard and Goebel, Werner},
title = {{Deletions of chromosomal regions coding for fibriae and hemolysins occur \emph{in vitro} and \emph{in vivo} in various extraintestinal \emph{Escherichia coli} isolates}},
journal = {Microbial Pathogenesis},
year = {1990},
volume = {8},
pages = {213--225}
}

@article{vonWinckel:2010wg,
author = {von Winckel, Greg},
title = {{Numerical Linear Algebra}},
year = {2010},
pages = {1--141},
month = jun
}

@article{Anonymous:9_sk88fV,
title = {{SGM SPECIAL LECTURE}},
year = {1910},
pages = {1--18},
month = nov
}

@article{Syvanen:2012jn,
author = {Syvanen, Michael},
title = {{Evolutionary Implications of Horizontal Gene Transfer}},
journal = {Annual Review of Genetics},
year = {2012},
volume = {46},
number = {1},
pages = {341--358},
month = dec
}

@article{Anonymous:PO1nPxqS,
title = {{Genetic transformation in freshwater: Escherichia coli is able to develop natural competence.}},
year = {1996},
pages = {1--7},
month = sep
}

@article{Iyer:2004gb,
author = {Iyer, Lakshminarayan M and Aravind, L and Coon, Steven L and Klein, David C and Koonin, Eugene V},
title = {{Evolution of cell{\textendash}cell signaling in animals: did late horizontal gene transfer from bacteria have a role?}},
journal = {Trends in Genetics},
year = {2004},
volume = {20},
number = {7},
pages = {292--299},
month = jul
}

@article{Peterson:2009fgc,
author = {Peterson, E L and Kondev, J and Theriot, J A and Phillips, R},
title = {{Reduced amino acid alphabets exhibit an improved sensitivity and selectivity in fold assignment}},
journal = {Bioinformatics},
year = {2009},
volume = {25},
number = {11},
pages = {1356--1362},
month = may
}

@article{Nijland:2010dd,
author = {Nijland, Reindert and Burgess, J Grant and Errington, Jeff and Veening, Jan-Willem},
title = {{Transformation of Environmental \emph{Bacillus subtilis} Isolates by Transiently Inducing Genetic Competence}},
journal = {PLoS One},
year = {2010},
volume = {5},
number = {3},
pages = {e9724--7},
month = mar
}

@article{Bresler:1978uv,
author = {Bresler, S E and Krivonogov, S V and Lanzov, V A},
title = {{Scale of the genetic map and genetic control of recombination after conjugation in \emph{Escherichia coli}}},
journal = {Molecular and General Genetics},
year = {1978},
volume = {166},
number = {3},
pages = {337--346}
}

@article{Knoppel:2014ee,
author = {Knoppel, A and Lind, P A and Lustig, U and Nasvall, J and Andersson, D I},
title = {{Minor Fitness Costs in an Experimental Model of Horizontal Gene Transfer in Bacteria}},
journal = {Molecular Biology and Evolution},
year = {2014},
volume = {31},
number = {5},
pages = {1220--1227},
month = apr
}

@article{Becker:2004ts,
author = {Becker, Anke and Berges, Helene and Krol, Elizaveta and Bruand, Claude and R{\"u}berg, Silvia and Capela, Delphine and Lauber, Emmanuelle and Meilhoc, Eliane and Ampe, Fr{\'e}d{\'e}ric and de Bruijn, Frans J and Fourment, Jo{\"e}lle and Francez-Charlot, Anne and Kahn, Daniel and K{\"u}ster, Helge and Liebe, Carine and P{\"u}hler, Alfred and Weidner, Stefan and Batut, Jacques},
title = {{Global changes in gene expression in \emph{Sinorhizobium mliloti }1021 under microoxic and symbiotic conditions}},
journal = {Molecular Plant-Microbe Interactions},
year = {2004},
pages = {292--303}
}

@article{Anonymous:R6cNauIo,
title = {{137.tif}},
year = {2014},
pages = {1--23},
month = feb
}

@article{Dominguez:2004jn,
author = {Dominguez, Delfina C},
title = {{Calcium signalling in bacteria}},
journal = {Molecular Microbiology},
year = {2004},
volume = {54},
number = {2},
pages = {291--297},
month = aug
}

@article{Lau:2013efa,
author = {Lau, A F and Drake, S K and Calhoun, L B and Henderson, C M and Zelazny, A M},
title = {{Development of a Clinically Comprehensive Database and a Simple Procedure for Identification of Molds from Solid Media by Matrix-Assisted Laser Desorption Ionization-Time of Flight Mass Spectrometry}},
journal = {Journal of Clinical Microbiology},
year = {2013},
volume = {51},
number = {3},
pages = {828--834},
month = feb
}

@article{Koslowski:2005kua,
author = {Koslowski, Thorsten and Zehender, Fabian},
title = {{Towards a quantitative understanding of horizontal gene transfer: A kinetic model}},
journal = {Journal of Theoretical Biology},
year = {2005},
volume = {237},
number = {1},
pages = {23--29},
month = nov
}

@article{Anonymous:5vcEOZp_,
title = {{REQUIREMENTS FOR TRANSFORMATION IN}},
year = {2005},
pages = {1--7},
month = may
}

@article{Peterson:2009fg,
author = {Peterson, E L and Kondev, J and Theriot, J A and Phillips, R},
title = {{Reduced amino acid alphabets exhibit an improved sensitivity and selectivity in fold assignment}},
journal = {Bioinformatics},
year = {2009},
volume = {25},
number = {11},
pages = {1356--1362},
month = may
}

@article{Sinharoy:2013eu,
author = {Sinharoy, S and Torres-Jerez, I and Bandyopadhyay, K and Kereszt, A and Pislariu, C I and Nakashima, J and Benedito, V A and Kondorosi, E and Udvardi, M K},
title = {{The C2H2 Transcription Factor REGULATOR OF SYMBIOSOME DIFFERENTIATION Represses Transcription of the Secretory Pathway Gene VAMP721a and Promotes Symbiosome Development in Medicago truncatula}},
journal = {The Plant Cell},
year = {2013},
volume = {25},
number = {9},
pages = {3584--3601},
month = oct
}

@article{Licatalosi:2008fda,
author = {Licatalosi, Donny D and Mele, Aldo and Fak, John J and Ule, Jernej and Kayikci, Melis and Chi, Sung Wook and Clark, Tyson A and Schweitzer, Anthony C and Blume, John E and Wang, Xuning and Darnell, Jennifer C and Darnell, Robert B},
title = {{HITS-CLIP yields genome-wide insights into brain alternative RNA processing}},
journal = {Nature},
year = {2008},
volume = {456},
number = {7221},
pages = {464--469},
month = nov
}

@article{Domingues:2012jk,
author = {Domingues, Sara and Harms, Klaus and Fricke, W Florian and Johnsen, P{\aa}l J and da Silva, Gabriela J and Nielsen, Kaare Magne},
title = {{Natural Transformation Facilitates Transfer of Transposons, Integrons and Gene Cassettes between Bacterial Species}},
journal = {PLoS Pathogens},
year = {2012},
volume = {8},
number = {8},
pages = {e1002837},
month = aug
}

@article{Wybouw:2014hi,
author = {Wybouw, Nicky and Dermauw, Wannes and Tirry, Luc and Stevens, Christian and Grbi{\'c}, Miodrag and Feyereisen, Ren{\'e} and Van Leeuwen, Thomas},
title = {{A gene horizontall transferred from bacteria protects arthropods from host plant cyanide poisoning}},
journal = {eLife},
year = {2014},
volume = {3},
pages = {1--17},
month = apr
}

@article{Anonymous:PmdafHvR,
title = {{Luria-Delbruck Fluctuation Test}},
year = {2015},
pages = {1--10},
month = jan
}

@article{Anonymous:wF2XIlqg,
title = {{Bacteriophage P22-Mediated Specialized Transduction in \emph{Salmonella typhimurium}: High Frequency of Aberrant Prophage Excision}},
year = {2007},
pages = {1--16},
month = may
}

@article{David:2010dya,
author = {David, Lawrence A and Alm, Eric J},
title = {{Rapid evolutionary innovation during an Archaean genetic expansion}},
journal = {Nature},
year = {2010},
volume = {469},
number = {7328},
pages = {93--96},
month = dec
}

@article{Timmis:2004ks,
author = {Timmis, Jeremy N and Ayliffe, Michael A and Huang, Chun Y and Martin, William},
title = {{Endosymbiotic gene transfer: organelle genomes forge eukaryotic chromosomes}},
journal = {Nature Reviews Genetics},
year = {2004},
volume = {5},
number = {2},
pages = {123--135},
month = feb
}

@article{Karr:1992uk,
author = {Karr, D B and Emerich, D W and Karr, A L},
title = {{Accumulation of the phytoalexin, glyceollin, in root nodules of soybean formed by effective and ineffective strains of \emph{Bradyrhizobium japonicum}}},
journal = {Journal of Chemical Ecology},
year = {1992},
volume = {18},
number = {7},
pages = {997--1008},
month = jul
}

@article{Wang:2010jz,
author = {Wang, Ping and Robert, Lydia and Pelletier, James and Dang, Wei Lien and Taddei, Fran{\c c}ois and Wright, Andrew and Jun, Suckjoon},
title = {{Robust Growth of \emph{Escherichia coli}}},
journal = {Current Biology},
year = {2010},
volume = {20},
number = {12},
pages = {1099--1103},
month = jun
}

@article{DeFlaun:1987vw,
author = {DeFlaun, Mary F and Paul, John H and Jeffrey, Wade H},
title = {{Distribution and molecular weight of dissolved DNA in subtropical estuarine and oceanic environments}},
journal = {Marine Ecology Progress Series},
year = {1987},
volume = {38},
pages = {65--73}
}

@article{Jamet:2003us,
author = {Jamet, Alexandre and Sigaud, Samuel and Van de Sype, Ghislaine and Puppo, Alain and H{\'e}rouart, Didier},
title = {{Expression of the bacterial catalase genes during \emph{Sinorhizobium meliloti-Medicago sativa }symbiosis and their curcial role during the infection process}},
journal = {Molecular Plant-Microbe Interactions},
year = {2003},
volume = {16},
number = {3},
pages = {217--225},
month = nov
}

@article{Wang:2009di,
author = {Wang, Zhong and Gerstein, Mark and Snyder, Michael},
title = {{RNA-Seq: a revolutionary tool for transcriptomics}},
journal = {Nature Reviews Genetics},
year = {2009},
volume = {10},
number = {1},
pages = {57--63},
month = jan
}

@article{Anonymous:IdiIHn1i,
title = {{Isolation and Characterization of aNovel Ribonucleoprotein Particle:Large Structures Contain a Single Species of Small RNA}},
year = {2014},
pages = {1--11},
month = dec
}

@article{Anonymous:sE4Fppb7,
title = {{Identification of RNA Binding Proteins by UV Cross-Linking}},
year = {2003},
pages = {1--10},
month = nov
}

@article{Ponciano:2006ef,
author = {Ponciano, J M and De Gelder, L and Top, E M and Joyce, P},
title = {{The Population Biology of Bacterial Plasmids: A Hidden Markov Model Approach}},
journal = {Genetics},
year = {2006},
volume = {176},
number = {2},
pages = {957--968},
month = dec
}

@article{Wolf:2013hd,
author = {Wolf, Jochen B W},
title = {{Principles of transcriptome analysis and gene expression quantification: an RNA-seq tutorial}},
journal = {Molecular Ecology Resources},
year = {2013},
volume = {13},
number = {4},
pages = {559--572},
month = apr
}

@article{Pooley:2010jq,
author = {Pooley, David T},
title = {{Bacterial Bioluminescence, Bioelectromagnetics and Function}},
journal = {Photochemistry and Photobiology},
year = {2010},
volume = {87},
number = {2},
pages = {324--328},
month = dec
}

@article{Ceremonie:2004gr,
author = {C{\'e}r{\'e}monie, H{\'e}l{\`e}ne and Buret, Fran{\c c}ois and Simonet, Pascal and Vogel, Timothy M},
title = {{Isolation of lightning-competent soil bacteria.}},
journal = {Applied and Environmental Microbiology},
year = {2004},
volume = {70},
number = {10},
pages = {6342--6346},
month = oct
}

@article{Lee:2006ht,
author = {Lee, Brittany J and Cansizoglu, Ahmet E and S{\"u}el, Katherine E and Louis, Thomas H and Zhang, Zichao and Chook, Yuh Min},
title = {{Rules for Nuclear Localization Sequence Recognition by Karyopherin$\beta$2}},
journal = {Cell},
year = {2006},
volume = {126},
number = {3},
pages = {543--558},
month = aug
}

@article{Gophna:2015jb,
author = {Gophna, Uri and Kristensen, David M and Wolf, Yuri I and Popa, Ovidiu and Drevet, Christine and Koonin, Eugene V},
title = {{No evidence of inhibition of horizontal gene transfer by CRISPR{\&}ndash;Cas on evolutionary timescales}},
year = {2015},
pages = {1--7},
month = feb
}

@article{Suel:2007gp,
author = {Suel, G M and Kulkarni, R P and Dworkin, J and Garcia-Ojalvo, J and Elowitz, M B},
title = {{Tunability and Noise Dependence in Differentiation Dynamics}},
journal = {Science},
year = {2007},
volume = {315},
number = {5819},
pages = {1716--1719},
month = mar
}

@article{Redfield:2001vx,
author = {Redfield, Rosemary Jeanne},
title = {{Do bacteria have sex?}},
journal = {Nature Reviews Genetics},
year = {2001},
volume = {2},
pages = {634--639},
month = jul
}

@article{Mozhayskiy:2012ega,
author = {Mozhayskiy, Vadim and Tagkopoulos, Ilias},
title = {{Horizontal gene transfer dynamics and distribution of fitness effects during microbial in silico evolution}},
journal = {BMC Bioinformatics},
year = {2012},
volume = {13},
number = {Suppl 10},
pages = {S13},
month = jun
}

@article{Pestova:1998wi,
author = {Pestova, Ekaterina V and Morrison, Donald A},
title = {{Isolation and Characterization of Three}},
year = {1998},
pages = {1--10},
month = apr
}

@article{Batra:2014us,
author = {Batra, Rahul},
title = {{A Primer on Java}},
year = {2014},
pages = {1--59},
month = may
}

@article{Anonymous:1BpYkuZE,
author = {Coren, Jonathon S and Pierce, James C and Sternberg, Nat},
title = {{Headful Packaging Revisited: The Packaging of more than one DNA Molecule into a Bacteriophage P1 Head}},
journal = {Journal of Molecular Biology},
year = {1995},
pages = {176--184}
}

@article{Stubbs:2014gfa,
author = {Stubbs, M T and Wahle, E},
title = {{Deadenylation--a piece of PANcake}},
journal = {The EMBO Journal},
year = {2014},
volume = {33},
number = {14},
pages = {1503--1505},
month = jul
}

@article{Mojica:2005hka,
author = {Mojica, Francisco J M and D ez-Villase or, Chc sar and Garc a-Mart nez, Jes s and Soria, Elena},
title = {{Intervening Sequences of Regularly Spaced Prokaryotic Repeats Derive from Foreign Genetic Elements}},
journal = {Journal of Molecular Evolution},
year = {2005},
volume = {60},
number = {2},
pages = {174--182},
month = feb
}

@article{Woegerbauer:2002ev,
author = {Woegerbauer, M and Jenni, B and Thalhammer, F and Graninger, W and Burgmann, H},
title = {{Natural Genetic Transformation of Clinical Isolates of Escherichia coli in Urine and Water}},
journal = {Applied and Environmental Microbiology},
year = {2002},
volume = {68},
number = {1},
pages = {440--443},
month = jan
}

@article{Reinhard:2014khb,
author = {Reinhard, F and van der Meer, J R},
title = {{Life History Analysis of Integrative and Conjugative Element Activation in Growing Microcolonies of Pseudomonas}},
journal = {Journal of Bacteriology},
year = {2014},
volume = {196},
number = {7},
pages = {1425--1434},
month = mar
}

@article{Grohmann:2003hv,
author = {Grohmann, E and Muth, G and Espinosa, M},
title = {{Conjugative Plasmid Transfer in Gram-Positive Bacteria}},
journal = {Microbiology and Molecular Biology Reviews},
year = {2003},
volume = {67},
number = {2},
pages = {277--301},
month = jun
}

@article{Sorensen:2005jw,
author = {S{\o}rensen, S{\o}ren J and Bailey, Mark and Hansen, Lars H and Kroer, Niels and Wuertz, Stefan},
title = {{Studying plasmid horizontal transfer \emph{in situ}: a critical review}},
journal = {Nature Reviews Microbiology},
year = {2005},
volume = {3},
number = {9},
pages = {700--710},
month = sep
}

@article{Beckwith:2013dsa,
author = {Beckwith, Robyn and Estrin, Eric and Worden, Evan J and Martin, Andreas},
title = {{Reconstitution of the 26S proteasome reveals functional asymmetries in its AAA+ unfoldase}},
journal = {Nature Publishing Group},
year = {2013},
volume = {20},
number = {10},
pages = {1164--1172},
month = sep
}

@article{Mrazek:2014eza,
author = {Mrazek, Jan and Toso, Daniel and Ryazantsev, Sergey and Zhang, Xing and Zhou, Z Hong and Fernandez, Beatriz Campo and Kickhoefer, Valerie A and Rome, Leonard H},
title = {{Polyribosomes Are Molecular 3D Nanoprinters That Orchestrate the Assembly of Vault Particles}},
journal = {ACS Nano},
year = {2014},
volume = {8},
number = {11},
pages = {11552--11559},
month = nov
}

@article{Anonymous:Ytb2RmUE,
title = {{Submission PDF}},
year = {2014},
pages = {1--7},
month = dec
}

@article{Suel:2006ea,
author = {S{\"u}el, G{\"u}rol M and Garcia-Ojalvo, Jordi and Liberman, Louisa M and Elowitz, Michael B},
title = {{An excitable gene regulatory circuit induces transient cellular differentiation}},
journal = {Nature},
year = {2006},
volume = {440},
number = {7083},
pages = {545--550},
month = mar
}

@article{Soyano:2014ic,
author = {Soyano, Takashi and Hayashi, Makoto},
title = {{Transcriptional networks leading to symbiotic nodule organogenesis}},
journal = {Current Opinion in Plant Biology},
year = {2014},
volume = {20},
pages = {146--154},
month = aug
}

@article{Durgo:2015dm,
author = {Durgo, Hajnalka and Klement, Eva and Hunyadi-Gulyas, Eva and Szucs, Attila and Kereszt, Attila and Medzihradszky, Katalin F and Kondorosi, Eva},
title = {{Identification of nodule-specific cysteine-rich plant peptides in endosymbiotic bacteria}},
journal = {PROTEOMICS},
year = {2015},
pages = {n/a--n/a},
month = mar
}

@article{Burton:2010ee,
author = {Burton, B and Dubnau, D},
title = {{Membrane-associated DNA Transport Machines}},
journal = {Cold Spring Harbor Perspectives in Biology},
year = {2010},
volume = {2},
number = {7},
pages = {a000406--a000406},
month = jul
}

@article{Anonymous:c8F8xubt,
title = {{SUPPLEMENTARY INFORMATION}},
year = {2010},
pages = {1--7},
month = may
}

@article{Sharma:2014ed,
author = {Sharma, Cynthia M and Vogel, J{\"o}rg},
title = {{Differential RNA-seq: the approach behind and the biological insight gained}},
journal = {Current Opinion in Microbiology},
year = {2014},
volume = {19},
pages = {97--105},
month = jun
}

@article{Steinbock:2014ch,
author = {Steinbock, L J and Krishnan, S and Bulushev, R D and Borgeaud, S and Blokesch, M and Feletti, L and Radenovic, A},
title = {{Probing the size of proteins with glass nanopores}},
journal = {Nanoscale},
year = {2014},
volume = {6},
number = {23},
pages = {14380--14387},
month = oct
}

@article{Fuentes:2014kr,
author = {Fuentes, Ignacia and Stegemann, Sandra and Golczyk, Hieronim and Karcher, Daniel and Bock, Ralph},
title = {{Horizontal genome transfer as an asexual path to the formation of new species}},
journal = {Nature},
year = {2014},
volume = {511},
number = {7508},
pages = {232--235},
month = jul
}

@article{Anonymous:miDlmMjQ,
title = {{The partition system of multidrug resistance plasmid TP228 includes a novel protein that epitomizes an evolutionarily distinct subgroup of the ParA superfamily}},
year = {2000},
pages = {1--14},
month = jul
}

@article{Salvetti:2011bs,
author = {Salvetti, S and Faegri, K and Ghelardi, E and Kolsto, A B and Senesi, S},
title = {{Global Gene Expression Profile for Swarming Bacillus cereus Bacteria}},
journal = {Applied and Environmental Microbiology},
year = {2011},
volume = {77},
number = {15},
pages = {5149--5156},
month = jul
}

@article{Baron:1959uj,
author = {Baron, L S and Carey, W F and Spilman, W M},
title = {{Genetic recombination between \emph{Escherichia coli} and \emph{Salmonella typhimurium}}},
journal = {Genetics},
year = {1959},
pages = {976--984},
month = dec
}

@article{Rossmann:2015cj,
author = {Rossmann, Friederike S and Racek, Tomas and Wobser, Dominique and Puchalka, Jacek and Rabener, Elaine M and Reiger, Matthias and Hendrickx, Antoni P A and Diederich, Ann-Kristin and Jung, Kirsten and Klein, Christoph and Huebner, Johannes},
title = {{Phage-mediated Dispersal of Biofilm and Distribution of Bacterial Virulence Genes Is Induced by Quorum Sensing}},
journal = {PLoS Pathogens},
year = {2015},
volume = {11},
number = {2},
pages = {e1004653--17},
month = feb
}

@article{Yang:2015hga,
author = {Yang, T and Chen, J and Huang, L and Wang, T and Xiao, C and Sun, Z and Dai, D and Yang, X and Zhang, D H},
title = {{The type VI secretion system of \emph{Vibrio cholerae }fosters horizontal gene transfer}},
journal = {Science},
year = {2015},
volume = {347},
number = {6217},
pages = {60--63},
month = jan
}

@article{Beckwith:2013dsb,
author = {Beckwith, Robyn and Estrin, Eric and Worden, Evan J and Martin, Andreas},
title = {{Reconstitution of the 26S proteasome reveals functional asymmetries in its AAA+ unfoldase}},
journal = {Nature Publishing Group},
year = {2013},
volume = {20},
number = {10},
pages = {1164--1172},
month = sep
}

@article{Hamoen:2003jb,
author = {Hamoen, L W},
title = {{Controlling competence in Bacillus subtilis: shared use of regulators}},
journal = {Microbiology},
year = {2003},
volume = {149},
number = {1},
pages = {9--17},
month = jan
}

@article{Anonymous:Br_Ngw2-,
title = {{RNA location and modeling of a WD40 repeat domain within the vault.}},
year = {2000},
pages = {1--12},
month = may
}

@article{Ori:2013jra,
author = {Ori, A and Banterle, N and Iskar, M and Andres-Pons, A and Escher, C and Khanh Bui, H and Sparks, L and Solis-Mezarino, V and Rinner, O and Bork, P and Lemke, E A and Beck, M},
title = {{Cell type-specific nuclear pores: a case in point for context-dependent stoichiometry of molecular machines}},
journal = {Molecular Systems Biology},
year = {2013},
volume = {9},
number = {1},
pages = {648--648},
month = jan
}

@article{Campbell:2014hr,
author = {Campbell, F and Conti, G and Heckman, J J and Moon, S H and Pinto, R and Pungello, E and Pan, Y},
title = {{Early Childhood Investments Substantially Boost Adult Health}},
journal = {Science},
year = {2014},
volume = {343},
number = {6178},
pages = {1478--1485},
month = mar
}

@article{Rao:2012vf,
author = {Rao, Meera},
title = {{BMB/Bi/Ch 170c 2012}},
year = {2012},
pages = {1--2},
month = may
}

@article{Mahajan:2014vy,
author = {Mahajan, Sanjoy},
title = {{The Art of Insight in Science and Engineering}},
year = {2014},
pages = {1--409},
month = sep
}

@article{Fessel:2012ch,
author = {Fessel, Adrian and Oettmeier, Christina and Bernitt, Erik and Gauthier, Nils C and D{\"o}bereiner, Hans-G{\"u}nther},
title = {{Physarum polycephalum Percolation as a Paradigm for Topological Phase Transitions in Transportation Networks}},
journal = {Physical Review Letters},
year = {2012},
volume = {109},
number = {7},
pages = {078103--4},
month = aug
}

@article{Oldroyd:2011ej,
author = {Oldroyd, Giles E D and Murray, Jeremy D and Poole, Philip S and Downie, J Allan},
title = {{The Rules of Engagement in the Legume-Rhizobial Symbiosis}},
journal = {Annual Review of Genetics},
year = {2011},
volume = {45},
number = {1},
pages = {119--144},
month = dec
}

@article{Zuanazzi:1998vk,
author = {Zuanazzi, Jos{\'e} Angelo Silveira and Clergeot, Pierre Henri and Quirion, Jean-Charles and Husson, Henri-Philippe and Kondorosi, Adam and Ratet, Pascal},
title = {{Production of \emph{Sinorhizobium meliloti} nod Gene Activator and Repressor Flavonoids from \emph{Medicago sativa} Roots}},
journal = {Molecular Plant-Microbe Interactions},
year = {1998},
volume = {11},
number = {8},
pages = {784--794},
month = jun
}

@article{Zhang:2011ip,
author = {Zhang, Zhihong and Kottadiel, Vishal I and Vafabakhsh, Reza and Dai, Li and Chemla, Yann R and Ha, Taekjip and Rao, Venigalla B},
title = {{A Promiscuous DNA Packaging Machine from Bacteriophage T4}},
journal = {PLoS Biology},
year = {2011},
volume = {9},
number = {2},
pages = {e1000592--11},
month = feb
}

@article{Schumacher:2014il,
author = {Schumacher, M A and Tonthat, N K and Kwong, S M and Chinnam, N b and Liu, M A and Skurray, R A and Firth, N},
title = {{Mechanism of staphylococcal multiresistance plasmid replication origin assembly by the RepA protein}},
journal = {Proceedings of the National Academy of Sciences},
year = {2014},
volume = {111},
number = {25},
pages = {9121--9126},
month = jun
}

