
@Article{Bickford,
	author	= "Bickford, Justin S and Nick, Harry S",
	title	= "Conservation of the PTEN Catalytic motif in the bacterial undecaprenyl pyrophosphate phosphatase, BacA/UppP.",
	journal	= "Microbiology.",
	volume	= "Advanced online publication",
	year 	= "2013",
	pages	= "doi:10.1099/mic.0.070474-0"
}
@Article{Cain,
	author	= "Cain, Brian D and others",
	title	= "Amplification of the {\mkbibemph{bacA}} Gene Confers Bacitracin Resistance to {\mkbibemph{Escherichia coli}}.",
	journal	= "J. Bacteriol.",
	volume	= "175",
	number	= "12",
	year 	= "1993",
	pages 	= "3784-3789"
}
@Article{Ghachi,
	author	= "Ghachi, Meriem E and others",
	title	= "The bacA Gene of {\mkbibemph{Escherichia Coli}} Encodes an Undecaprenyl Pyrophosphate Phosphatase Activity.",
	journal	= "J. Biol. Chem.",
	volume	= "279",
	number	= "29",
	year 	= "2004",
	pages 	= "30106-30103"
}
@Article{Loverling,
	author	= "Loverling, Andrew L and others",
	title	= "Structural Perspective of Peptidoglycan Biosynthesis and Assembly",
	journal = "Annu. Rev. Biochem.",
	volume 	= "81",
	year	= "2012",
	pages 	= "451-478",
}