%% Created using Papers on Fri, 20 Mar 2015.
%% http://papersapp.com/papers/

@article{Lebeis:2015iy,
author = {Lebeis, Sarah L},
title = {{Greater than the sum of their parts: characterizing plant microbiomes at the community-level}},
journal = {Current Opinion in Plant Biology},
year = {2015}
}

@article{Vartoukian:2010cn,
author = {Vartoukian, Sonia R and Palmer, Richard M and Wade, William G},
title = {{Strategies for culture of {\textquoteleft}unculturable{\textquoteright} bacteria}},
journal = {FEMS Microbiology Letters},
year = {2010}
}

@article{Schloss:2005bs,
author = {Schloss, Patrick D and Handelsman, Jo},
title = {{Metagenomics for studying unculturable microorganisms: cutting the Gordian knot}},
journal = {Genome Biology},
year = {2005}
}

@article{Rusconi:2014gd,
author = {Rusconi, Roberto and Garren, Melissa and Stocker, Roman},
title = {{Microfluidics Expanding the Frontiers of Microbial Ecology}},
journal = {Annual Review of Biophysics},
year = {2014}
}

@article{Wade:2002ta,
author = {Wade, William},
title = {{Unculturable bacteria - the uncharacterized organisms that cause oral infections}},
journal = {Journal of the Royal Society of Medicine},
year = {2002}
}

