%% Created using Papers on Wed, 11 Mar 2015.
%% http://papersapp.com/papers/

@article{Thomas:2005hp,
author = {Thomas, Christopher M and Nielsen, Kaare M},
title = {{Mechanisms of, and Barriers to, Horizontal Gene Transfer between Bacteria}},
journal = {Nature Reviews Microbiology},
year = {2005}
}

@article{Griffith:1928vg,
author = {Griffith, Frederick},
title = {{The Significance of Pneumococcal Types}},
journal = {Journal of Hygeine},
year = {1928}
}

@article{Syvanen:2012jn,
author = {Syvanen, Michael},
title = {{Evolutionary Implications of Horizontal Gene Transfer}},
journal = {Annual Review of Genetics},
year = {2012}
}

@article{delaCruz:2010io,
author = {de la Cruz, Fernando and Frost, Laura S and Meyer, Richard J and Zechner, Ellen L},
title = {{Conjugative DNA metabolism in Gram-negative bacteria}},
journal = {FEMS Microbiology Reviews},
year = {2010}
}

@article{Tatum:1947va,
author = {Tatum, E L and Lederberg, Joshua},
title = {{Gene recombination in the bacterium \emph{Escherichia coli}}},
journal = {Journal of Bacteriology},
year = {1947}
}

@article{Kloesges:2011hx,
author = {Kloesges, T and Popa, O and Martin, W and Dagan, T},
title = {{Networks of Gene Sharing among 329 Proteobacterial Genomes Reveal Differences in Lateral Gene Transfer Frequency at Different Phylogenetic Depths}},
journal = {Molecular Biology and Evolution},
year = {2011}
}

@article{Llosa:2005id,
author = {Llosa, Matxalen and de la Cruz, Fernando},
title = {{Bacterial conjugation: a potential tool for genomic engineering}},
journal = {Research in Microbiology},
year = {2005}
}

@article{Freese:2014cp,
author = {Freese, Peter D and Korolev, Kirill S and Jim{\'e}nez, Jos{\'e} I and Chen, Irene A},
title = {{Genetic Drift Suppresses Bacterial Conjugation in Spatially Structured Populations}},
journal = {Biophysical Journal},
year = {2014}
}

@article{Cabezon:2014do,
author = {Cabez{\'o}n, Elena and Ripoll-Rozada, Jorge and Pe{\~n}a, Alejandro and de la Cruz, Fernando and Arechaga, Ignacio},
title = {{Towards an integrated model of bacterial conjugation}},
journal = {FEMS Microbiology Reviews},
year = {2014}
}

@article{Baron:1959uj,
author = {Baron, L S and Carey, W F and Spilman, W M},
title = {{Genetic recombination between \emph{Escherichia coli} and \emph{Salmonella typhimurium}}},
journal = {Genetics},
year = {1959}
}

@article{Babic:2008bl,
author = {Babic, A and Lindner, A B and Vulic, M and Stewart, E J and Radman, M},
title = {{Direct Visualization of Horizontal Gene Transfer}},
journal = {Science},
year = {2008}
}

